4175 5450
730 597 871 674 238

730 800 1088 874 papavere
1149 777 1542 864 colligatum
1569 823 1589 855 ,
1662 795 1787 841 ceu
1832 795 2078 842 numus
2141 779 2258 843 lv.

736 885 846 949 Ad
891 882 1063 944 haec
1107 875 1400 953 constat,
1452 873 1749 940 Lollium
1782 887 1927 939 tum
1962 879 2258 962 primum

733 982 808 1046 in
838 977 1265 1066 provinciam
1304 974 1562 1038 miss'um
1591 1020 1611 1051 ,
1665 975 1849 1054 cujus
1891 994 2137 1038 nomen
2187 977 2259 1039 in

735 1079 1041 1162 idgenus
1060 1072 1278 1136 numis
1309 1083 1733 1158 perpetuum.
1833 1072 2087 1133 Verum
2116 1074 2258 1157 qui-

735 1177 893 1238 dem
924 1219 946 1251 ,
999 1173 1098 1234 ait
1131 1168 1490 1234 Motellius
1525 1169 1594 1231 in
1637 1166 1765 1228 ruis
1827 1168 1917 1230 ad
1984 1170 2256 1234 Perizo-

731 1275 921 1337 nium
964 1267 1317 1354 quaeiitie,
1368 1265 1667 1328 Lollium
1708 1262 1886 1329 hunc
1922 1285 1967 1328 a
2008 1264 2258 1330 Rufino

736 1369 872 1434 dici
942 1369 1307 1446 Marcum,
1373 1383 1575 1448 quem
1631 1373 1866 1426 tamen
1933 1365 2124 1428 numi
2184 1365 2257 1427 hi

736 1485 976 1531 omnes
1039 1460 1325 1525 Lucium
1407 1459 1648 1523 diserte
1666 1519 1703 1556 4,
1733 1460 2129 1547 appellant,
2185 1475 2257 1525 at

736 1574 936 1650 putat
958 1610 978 1640 ‚
1030 1558 1316 1646 potuisse
1349 1555 1669 1621 Rufinum
1702 1553 1907 1620 facile
1955 1560 2025 1623 in
2058 1578 2253 1645 prae-

734 1660 1011 1725 nomine
1046 1675 1356 1742 peccare.
1458 1654 1803 1736 Quocirca
1832 1658 1978 1736 jure
2011 1656 2253 1734 censet,

734 1756 923 1844 poss'e
974 1756 1102 1818 hos
1151 1772 1392 1848 num-os
1452 1749 1806 1815 Galaticos
1861 1752 2254 1838 existimati.

735 1859 828 1920 At
862 1853 1259 1915 Perizonius
1302 1869 1621 1935 magnam
1683 1848 1754 1910 in
1812 1853 2253 1934 praenomine

734 1951 878 2016 vim
914 1948 1221 2035 reponit3
1291 1966 1491 2024 nam5
1544 1947 1685 2025 ait,
1737 1945 2031 2010 Lollium
2077 1947 2256 2014 hunc

733 2069 872 2113 non
914 2067 1086 2110 unus
1135 2059 1397 2110 tantum
1430 2042 1712 2107 Rufinus
1747 2061 1771 2121 ,‘
1821 2043 1931 2107 sed
1976 2063 2251 2124 omme,

731 2144 1075 2219 Velleius,
1126 2143 1534 2227 Eun-opine,
1587 2139 2013 2223 obsequens,
2098 2140 2256 2205 Cas-

2026 569 2568 656 LOLLIA.

2346 777 2438 841 do
2485 774 2842 842 verifimile
2898 772 3167 861 prorsus
3214 776 3522 858 videtur,
3607 779 3876 850 alteros

2347 892 2623 960 quoque
2662 875 2792 939 hos
2833 894 3077 938 numos
3119 875 3353 962 deberi
3394 874 3868 964 Cyrenaicae,

2344 985 2414 1036 et
2448 970 2638 1038 fuilse
2683 974 2864 1037 adeo
2930 972 3219 1036 Lucium
3263 973 3486 1037 Marci
3549 987 3666 1039 aut
3713 975 3864 1046 fra-

2343 1081 2556 1154 trem,
2610 1083 2729 1135 aut
2797 1071 3275 1157 propinquum.
3423 1071 3594 1136 Sunt
3678 1079 3870 1143 enim

2344 1169 2609 1253 utrique
2653 1165 2962 1232 fabricae
3005 1165 3230 1230 similis
3264 1216 3284 1247 ,
3355 1170 3725 1258 epigraphe
3788 1177 3869 1240 in

2344 1264 2576 1329 alteris
2616 1285 2888 1351 quoque
2919 1267 3060 1347 jam
3113 1262 3421 1344 Graeca,
3480 1268 3620 1350 jam
3677 1270 3867 1337 Lati·

2341 1381 2432 1425 na
2461 1410 2480 1440 ‚
2535 1364 2634 1425 uti
2667 1376 2736 1426 et
2771 1362 3051 1449 perinde
3085 1374 3289 1426 notae
3321 1353 3870 1436 arithmethicae.

2340 1458 2448 1522 Ex
2482 1461 2668 1545 typis
2696 1507 2716 1537 ,
2771 1478 3059 1543 quorum
3101 1460 3406 1524 nonnulli
3455 1482 3608 1525 cum
3656 1462 3868 1530 Gala-

2339 1554 2493 1620 ticis
2536 1556 2959 1642 conspirant,
3013 1554 3183 1618 nihil
3218 1563 3630 1644 magnopere
3670 1562 3870 1627 subfi-

2343 1652 2483 1730 dii,
2537 1672 2696 1716 nam
2741 1654 3015 1732 Diana,
3070 1664 3138 1715 et
3172 1653 3583 1737 symbolicus
3645 1656 3864 1723 felici·

2338 1751 2502 1814 tatis
2537 1762 2743 1836 typus
2814 1749 2883 1813 in
2927 1749 3466 1835 qualemcunque
3515 1757 3870 1839 provinci-

2341 1869 2453 1912 am
2488 1852 2596 1931 jus
2655 1847 2840 1910 suurn
2886 1847 3275 1933 porrigunt,
3349 1852 3625 1914 dromas
3693 1874 3866 1919 vero

2338 1947 2525 2009 numi
2579 1945 2698 2009 VI.
2743 1945 3001 2008 animal
3061 1945 3282 2030 magis
3357 1947 3634 2012 Africae
3699 1971 3867 2036 pro-

2337 2044 2563 2127 prium
2588 2089 2608 2119 ,
2664 2060 2871 2126 quam
2900 2041 3000 2104 illi
3035 2038 3229 2104 Asiae
3272 2048 3561 2127 tractui,
3613 2047 3680 2108 in
3721 2069 3868 2131 qua

2336 2138 2458 2202 fita
2497 2135 2798 2204 Galatia.
2868 2139 3060 2203 Haec
3098 2157 3261 2224 ergo
3285 2156 3683 2227 argumenta
3706 2165 3873 2209 con·

732 2240 1082 2316 stodor-ua,
1136 2238 1282 2323 ipsa
1313 2236 1552 2301 tabula
1587 2234 2019 2321 Collotiana,
2072 2240 2251 2304 etla-
2331 2240 2567 2319 juncta
2606 2256 2760 2299 cum
2816 2256 2899 2301 eo
2932 2285 2954 2318 ,
3009 2235 3194 2320 quod
3261 2249 3489 2302 tamen
3544 2253 3865 2306 auctores

734 2339 840 2422 pis
891 2333 1159 2398 Gruteri
1209 2340 1267 2412 ⁸)
1320 2335 1634 2398 Marcum
1691 2348 1966 2402 vocant.
2068 2334 2260 2416 Qua·

731 2454 806 2496 re
857 2432 1406 2524 niaxsult‘numos
1458 2450 1734 2508 omnes,
1789 2433 1904 2514 qui
1961 2431 2042 2497 L.
2095 2429 2266 2497 L01-'

736 2530 918 2593 lium'
950 2529 1360 2605 inscribunt,
1411 2529 1479 2591 in
1552 2526 2007 2612 Cyrenaicam
2058 2551 2253 2595 revo-

737 2647 917 2692 care.
1019 2627 1285 2690 Tamen
1326 2627 1394 2690 in
1437 2625 1569 2689 hac
1603 2627 1803 2690 causa
1856 2628 2076 2691 minus
2135 2629 2258 2691 ad-

734 2737 1046 2790 curatum
1097 2725 1302 2788 video
1361 2725 1790 2787 Perizonium
1823 2771 1843 2801 ‚
1893 2744 2054 2787 nam
2117 2726 2255 2810 ple-

735 2835 949 2908 raque
994 2833 1475 2897 monumenta,
1530 2841 1705 2904 quae
1745 2822 1953 2899 citat,
2037 2822 2252 2886 Lblli.

736 2939 852 2983 um
880 2919 1157 3002 quidem
1195 2914 1507 2985 Marcum
1545 2918 1775 2980 dicunt
1799 2965 1820 2995 ,
1873 2931 1945 2980 at
1980 2938 2118 2982 non
2136 2921 2254 2981 ad·

738 3017 907 3077 dunt
939 3015 1195 3089 omnia,
1243 3012 1435 3075 fuiss'e
1469 3032 1621 3074 eum
1650 3013 1825 3076 hunc
1856 3014 2100 3099 ipsum,
2140 3016 2256 3100 qui

738 3108 1058 3173 Galatiae
1076 3105 1489 3192 ‘praefectus
1529 3106 1709 3185 fuit,
1783 3111 1968 3195 quod
2024 3102 2274 3175 tamen.

737 3205 1040 3270 maxime
1075 3202 1505 3287 probandum
1557 3202 1802 3283 fuerat,
1904 3206 2083 3269 Nam
2121 3228 2252 3272 non

737 3320 1113 3387 negamuso,
1166 3296 1351 3361 fuisse
1392 3302 1640 3365 circum
1694 3302 1867 3368 haec
1939 3315 2255 3391 tempora

740 3399 1052 3462 Marcum
1096 3395 1393 3488 aliquem
1432 3398 1751 3478 Lollium,
1793 3420 2034 3485 nempe
2072 3423 2255 3483 eum,

743 3496 859 3578 qui
896 3498 987 3558 ·V.
1024 3494 1100 3562 C.
1140 3512 1277 3581 733
1317 3497 1640 3579 processit
1689 3498 1953 3575 consul,
2023 3501 2279 3563 mode-'

700 3622 709 3631 ·
738 3604 932 3655 rat-or
972 3593 1215 3656 deinde
1250 3604 1317 3653 et
1348 3611 1575 3659 comes
1618 3593 1693 3658 C.
1719 3594 1988 3660 Caesari
2022 3598 2090 3659 in
2126 3598 2256 3660 ori-

742 3701 965 3751 ent-em
1009 3687 1328 3773 profecto
1384 3690 1695 3769 additus,
1764 3696 2038 3776 ejusque
2102 3714 2256 3781 pro-

740 3785 962 3861 ditor,
1019 3789 1101 3849 de
1141 3787 1324 3865 cujus
1357 3783 1635 3881 fortuna
1674 3792 1869 3854 varia
1928 3792 2259 3876 congessit

737 3880 1058 3945 Nor-isius.
1112 3869 1189 3961 b)
1278 3882 1551 3946 Tamen
1586 3889 1879 3956 primum
1927 3888 2102 3951 hunc
2122 3886 2256 3950 Ga-

739 3977 952 4041 latiae
1036 3975 1459 4064 praef'ectum
1532 3982 1899 4068 Eutropius
1988 4004 2258 4068 quoque

706 4076 1055 4139 'Marcum
1110 4074 1466 4161 appellat,
1522 4099 1913 4162 quanquam
1956 4092 2132 4143 erret
2189 4082 2257 4142 in

738 4173 1056 4248 nomine,
1107 4189 1259 4237 cum
1296 4175 1542 4238 Πολιον
1561 4179 1901 4261 appellet,
1957 4195 2082 4260 pro
2121 4196 2257 4263 quo

743 4282 923 4332 certe
968 4262 1429 4355 reponendum
1463 4274 1771 4338 Aoifflov...
1853 4275 2110 4338 Verum
2190 4273 2258 4335 in

2339 2334 2551 2418 aliqui
2575 2331 2898 2397 Galatiae
2928 2331 3350 2418 praefectum
3371 2356 3508 2399 non
3542 2337 3864 2418 Lucium,

2337 2430 2450 2495 sed
2489 2432 2801 2493 Marcum
2835 2432 3188 2495 nominant
3206 2477 3230 2506 „
3278 2431 3434 2516 (nisi
3475 2431 3651 2506 forte
3685 2437 3866 2500 velis

2338 2530 2709 2610 conjicere,
2760 2526 3045 2591 Lucium
3075 2529 3319 2591 Marco
3354 2529 3464 2592 seu
3497 2528 3717 2608 fratri,
3752 2533 3872 2597 seu

2336 2626 2726 2711 propinquo
2764 2624 2834 2688 in
2871 2622 3194 2689 Galatiae
3261 2627 3587 2712 regimine
3653 2627 3872 2693 suces-

2339 2720 2507 2801 siss'e)
2561 2742 2794 2785 eorum
2814 2734 2991 2785 certe
3011 2719 3248 2785 favent
3285 2725 3685 2803 sententiae,
3739 2730 3870 2811 qui

2337 2839 2582 2884 numos
2629 2818 2758 2882 hos
2821 2820 3101 2905 perinde
3156 2818 3524 2885 Africanos
3588 2836 3872 2908 putant.

2340 2916 2547 2997 Quod
2605 2917 2696 2977 ad
2774 2928 2975 2980 notas
3035 2915 3510 2985 arithmeticas
3560 2923 3811 2983 attinet
3845 2970 3872 3001 ,

2340 3012 2614 3094 conjicit
2651 3012 3171 3096 Havercampus
3197 3061 3222 3091 ,
3288 3012 3531 3077 iisdem
3573 3017 3874 3082 indicari

2338 3129 2554 3173 annos
2581 3155 2601 3185 ,
2656 3110 2899 3194 quibus
2938 3109 3197 3173 Lollius
3223 3105 3644 3191 Cyrenaicae
3660 3133 3869 3199 prae-

2337 3204 2513 3283 fuit,
2571 3225 2858 3291 cumque
2897 3198 3111 3270 aniius
3155 3208 3220 3269 in
3262 3206 3350 3268 iis
3401 3210 3481 3271 17.
3533 3222 3810 3274 notetur
3851 3260 3876 3291 ,

2341 3306 2478 3384 ejus
2520 3303 2585 3365 in
2623 3304 2758 3366 hac
2828 3304 3188 3389 provincia
3240 3307 3870 3372 commorationem

2338 3400 2408 3463 in
2443 3468 2448 3475 ,
2490 3420 2741 3463 annum
2799 3401 3008 3465 XVII.
3065 3404 3499 3486 porrectam,
3572 3405 3732 3485 quin
3801 3419 3875 3470 et

2337 3499 2522 3577 XX„
2575 3516 2727 3559 cnm
2759 3498 2827 3560 in
2861 3496 3053 3561 simili
3082 3497 3345 3583 legatur
3380 3500 3463 3561 K.
3498 3497 3656 3561 teste
3697 3497 3870 3564 Gal·

2336 3595 2547 3659 lando
2591 3595 2829 3661 citato.
2931 3600 3019 3658 At
3058 3613 3225 3656 vero
3283 3592 3448 3657 istud
3504 3599 3871 3663 minusve.

2339 3691 2608 3755 risimile
2637 3737 2656 3765 ‚
2712 3703 2777 3753 et
2824 3688 3118 3776 praestat
3160 3689 3405 3753 horum
3443 3692 3690 3756 sensum
3742 3716 3869 3758 nu-

2341 3806 2681 3852 merorum
2724 3787 2789 3848 in
2843 3788 3116 3851 incertis
3160 3801 3401 3871 putare
3434 3837 3454 3867 ‚
3529 3809 3664 3852 non
3723 3812 3870 3857 uno

2339 3885 2569 3947 hocin
2639 3900 2712 3944 re
2773 3884 3252 3948 numismatica
3309 3887 3652 3971 exemplo.
3757 3889 3875 3953 Ex

2339 3999 2547 4044 numo
2587 3977 2708 4049 111,
2750 3980 3113 4057 docemur,
3192 3981 3369 4045 hunc
3423 3981 3504 4045 L.
3556 3982 3873 4050 Lollium

2342 4077 2498 4140 inde
2538 4075 2628 4139 ab
2685 4095 2866 4141 anno
2909 4081 2993 4143 V.
3045 4075 3099 4140 C
3158 4096 3298 4157 727
3340 4079 3406 4142 in
3471 4076 3874 4164 Cyrenaica

2345 4171 2576 4236 stetiss'e
2606 4221 2623 4250 ‚
2679 4192 2834 4235 narn
2877 4173 3011 4237 hoc
3049 4174 3324 4244 demum
3378 4196 3561 4242 anno
3607 4175 3876 4242 Caesar

2341 4267 2616 4358 Augusti
2653 4269 2857 4335 titulo
2891 4271 2990 4335 uti
3026 4273 3287 4359 coepit,

740 4365 916 4431 haec
955 4386 1129 4439 nunc,
1166 4366 1491 4432 curiosius.
1520 4388 1654 4431 non
1689 4369 1994 4456 inquiro,
2049 4389 2257 4453 quan·
2349 4394 2354 4399 ·

799 4672 857 4738 a)
892 4689 1021 4744 pag,
1064 4674 1189 4726 160.
1373 4642 1430 4739 b)
1472 4672 1668 4734 Ceam,
1706 4671 1819 4731 Pis..
1850 4671 1963 4726 diss.
1997 4674 2076 4735 ΙΙ.
2101 4676 2158 4730 ἀ,
2199 4690 2282 4740 24.
