4175 5450
1266 586 1945 671 CALVISIA.

994 816 1003 826 .
1122 793 1154 828 ⁸

489 884 636 958 cN.
676 887 903 954 P1so
942 841 1091 955 EN.

380 985 460 1048 F.
517 987 599 1048 F.
633 989 706 1049 in
795 985 1022 1049 aeneis
1117 986 1345 1050 obviis
1396 980 1670 1071 Augusti
1735 985 1794 1055 1.
1856 998 1926 1050 et

1147 890 1225 955 F.
1254 844 1540 956 lflvnz.
1589 895 1674 953 A.
1707 891 1787 953 A.
1835 894 1918 955 A.
2001 889 2292 956 Bibuius.
2385 939 2395 948 .

2064 588 2650 671 CANIDIA.
3398 609 3553 674 161·

2761 793 2795 828 Q

2582 845 2617 880 Q
2939 847 2972 883 D

2102 988 2184 1049 ι.
2220 988 2632 1052 Blssvas.
2684 989 3005 1053 PRAEF.
3059 987 3310 1070 CLAs.
3361 1009 3539 1086 typo

381 1080 469 1144 11.
523 1079 814 1146 formae.
919 1082 1108 1145 Idem
1163 1082 1393 1167 postea
1454 1082 1569 1146 sub
1633 1079 1920 1144 Tiberio
2005 1083 2249 1165 navis,
2304 1085 2373 1146 in
2414 1087 2667 1150 aeneis
2716 1087 2812 1148 Μ.
2872 1089 3191 1165 Antonii,
3259 1093 3346 1155 de
3392 1095 3557 1179 qui.‘

384 1175 627 1260 Syriae
686 1171 1072 1262 praefectus
1135 1176 1550 1243 Germanico
1639 1193 1914 1243 veneno
1998 1176 2137 1243 bus
2162 1198 2370 1265 agam
2406 1181 2477 1245 in
2509 1192 2788 1249 moneta
2845 1180 3042 1268 hujus
3096 1185 3354 1260 Illviri.

382 1271 646 1361 perfide
685 1272 953 1339 sublato
989 1273 1053 1336 fe
1089 1274 1234 1361 ipse
1256 1274 1620 1343 interemit.

1520 1521 2575 1671 cALrwszas.

480 1756 688 1824 Numi
740 1753 1108 1825 Goltziani.

1559 2015 2451 2131 CANIDJAw

490 2242 672 2309 Gens
710 2246 986 2332 plebeia
1016 2294 1038 2326 ,
1086 2250 1560 2334 praetermiss'a
1613 2250 1703 2315 ab
1748 2252 1921 2332 Vrii·

393 2356 486 2403 no
527 2353 597 2403 et
639 2342 964 2404 Morellio
993 2389 1013 2419 ‚
1068 2346 1385 2407 nimirum
1449 2349 1676 2408 numis
1712 2395 1733 2426 ,
1771 2355 1788 2388 *²
1806 2350 1922 2430 qui

386 2431 524 2497 huc
619 2437 1003 2521 pertinent,
1084 2441 1158 2503 in
1234 2452 1503 2523 gentem
1585 2440 1923 2504 Liciniam

394 2530 773 2598 translatis.
912 2534 1310 2621 Cognomen
1378 2533 1647 2624 Craffus.
1765 2535 1926 2600 Non

397 2625 694 2713 exstant,
744 2630 860 2695 uifi
906 2634 1267 2698 commatis
1321 2631 1700 2718 peregrini-¹.
1781 2643 1792 2652 ’

688 2723 942 2794 CRAS.
995 2731 1215 2797 Prora
1268 2733 1477 2795 navis.

396 2819 776 2892 Crocodilus.
828 2827 970 2893 AE.
1022 2829 1116 2902 11.

395 2936 475 2982 us
512 2921 584 2982 in
619 2922 947 3005 Licinia.)
1000 2926 1147 2988 RR.

709 3020 720 3029 “
694 3022 1096 3085 --ΛΕΟΠ

1188 2826 1496 2914 (Vrsinus
1516 2873 1539 2906 ,
1621 2824 1924 2892 Motelli-

679 3126 804 3203 με
844 3115 1232 3202 Cleopatrae

400 3212 668 3279 ΚΡΑΣ.
702 3214 1085 3282 Crocodilus
1137 3215 1287 3280 ΑΕ.
1335 3213 1656 3300 1.-(.Mun
1690 3207 1920 3329 Caes.)

491 3409 757 3471 Horum
803 3409 1102 3494 primum
1153 3405 1522 3485 Goltzius,
1591 3404 1916 3482 Vrsinus,

399 3502 817 3566 Vaillantius
874 3504 1057 3586 genti
1119 3502 1425 3565 Liciniae
1490 3499 1917 3582 tribuerunt,

394 3596 508 3660 sed
570 3592 862 3662 Patinus'
914 3595 1288 3673 Canidiae,
1377 3614 1577 3680 quem
1655 3595 1917 3657 secutus

395 3693 922 3777 Havercampus
955 3704 1197 3777 negat,
1251 3691 1637 3756 M.Licinio
1684 3688 1917 3753 Crass'o

386 3789 646 3855 Illviro
664 3792 796 3852 aPz-
811 3784 979 3854 rth'is
1003 3788 1247 3866 occiso,
1272 3801 1344 3852 ut
1361 3786 1640 3854 volebat
1660 3784 1915 3849 Goltzi-

396 3907 503 3963 υε,
526 3899 915 3970 competere
938 3885 1148 3973 poss‘e,
1175 3888 1288 3969 qui
1313 3885 1497 3971 prius
1518 3884 1789 3948 insanae
1807 3900 1917 3946 cu·

392 3984 709 4068 piditatis
744 4002 1002 4069 poenas
1047 3984 1328 4047 dederat
1353 4028 1374 4060 ,
1430 4000 1634 4065 quam
1664 3980 1917 4042 Roma·

393 4080 500 4142 nis
550 4100 706 4143 cum
751 4085 1114 4166 Aegypto,
1181 4082 1366 4159 cujus
1435 4089 1694 4141 certum
1751 4074 1921 4160 sym·

394 4171 631 4239 bolum
670 4174 760 4240 est
793 4177 1224 4259 crocodilus,
1266 4175 1367 4238 rei
1410 4174 1764 4258 quidpiam
1819 4170 1925 4235 fu.-

405 4273 556 4335 erit.
661 4275 857 4337 MP.
906 4273 1178 4338 Canidii
1236 4269 1458 4336 Crassi
1499 4269 1816 4353 frequens
1852 4270 1923 4332 in

1149 3019 1942 3096 ·.rM..AT.·Ca·

2006 2254 2340 2320 Antonius
2386 2253 2592 2324 inea
2630 2248 3051 2316 morabatur.
3149 2250 3259 2320 Ab
3301 2253 3540 2324 hocin

2007 2349 2673 2415 Armeniam-mistus
2709 2349 2925 2411 multa
2982 2348 3078 2412 ibi
3136 2348 3407 2417 fortiter
3454 2373 3541 2418 ae

2006 2442 2328 2529 prospere
2372 2445 2698 2526 patravit,
2749 2441 3087 2527 postremo
3123 2448 3402 2511 univerfi
3426 2470 3540 2534 pe-

2010 2540 2268 2602 ditatus
2304 2538 2445 2599 dux
2481 2537 2573 2600 ad
2610 2539 2880 2601 Actium
2902 2588 2927 2622 ,
2979 2538 3293 2620 superato
3360 2547 3538 2611 mari

2006 2653 2161 2697 cum
2186 2634 2484 2696 Antonio
2506 2631 2729 2717 ipsein
2751 2639 3134 2718 Aegyptum
3158 2636 3388 2715 evafit,
3414 2638 3579 2723 ibi-s

2008 2752 2141 2815 que
2192 2749 2375 2793 anno
2414 2729 2727 2813 sequente
2766 2733 2848 2792 Υ.
2887 2727 2960 2791 C.
3023 2744 3167 2810 724
3209 2733 3549 2800 Octavia».
3636 2744 3641 2749 “
3748 2754 3755 2761 ’

2006 2828 2079 2890 ni
2111 2826 2278 2910 juss'u
2304 2826 2535 2889 caesus
2571 2823 2685 2891 est.
2778 2825 2952 2887 Eum
2997 2825 3207 2912 ipsum
3254 2848 3537 2897 numum

2006 2924 2168 2987 huic
2215 2918 2510 2985 Canidio
2559 2919 2992 2985 tribuendum
3029 2922 3388 2991 confirmat
3416 2948 3539 2992 nu·

2003 3040 2157 3083 mus
2190 3018 2495 3102 sequens.
2602 3016 2900 3100 Constat,
2934 3016 3321 3100 Canfflium,
3351 3026 3540 3106 quod

2006 3116 2196 3201 apud
2232 3114 2600 3179 Antonium
2640 3114 2975 3199 gratioius
3013 3115 3206 3195 ess'et,
3261 3139 3303 3181 a
3338 3117 3537 3185 Cleo-

2002 3224 2210 3298 patra
2299 3210 2585 3275 multum
2659 3209 3132 3290 observatum,
3204 3227 3277 3276 ut
3328 3215 3535 3282 latius

2006 3306 2264 3372 ostendi
2304 3308 2374 3370 in
2415 3308 2589 3369 meis
2650 3307 2891 3370 Numis
2935 3309 3281 3374 veteribus
3309 3358 3328 3386 ,
3399 3334 3536 3397 quo

2001 3404 2160 3467 loeo
2226 3402 2407 3466 hunc
2473 3400 2885 3486 Cleopatrae
2960 3424 3234 3467 numum
3302 3409 3538 3497 vulga-

1999 3501 2101 3574 vi,
2128 3498 2199 3578 ⁸)
2249 3499 2441 3597 Vide
2452 3509 2526 3561 et
2558 3517 2802 3562 numos
2848 3497 3046 3582 hujus
3085 3498 3522 3609 Cleopatrae.

2746 3593 2777 3626 D

2245 3690 2501 3772 Caput
2529 3688 2847 3773 ApoHinis
2870 3689 3041 3755 taur.
3360 3716 3369 3725 ·

2008 3785 2210 3849 CRA.
2263 3786 2480 3873 Fasces
2530 3806 2663 3849 cum
2707 3782 3563 3875 stcuriMAE.fe1-e·11.'

2006 3883 2210 3966 (Mus.
2270 3880 2460 3946 Caes.
2541 3880 2763 3946 Liebe
2840 3904 2907 3968 p.
2989 3904 3177 3975 393.
3205 3884 3528 3971 Motelli,

2003 3979 2211 4045 vain.
2268 3980 2359 4042 in
2380 3975 2705 4060 Licinia.)
2756 3980 2945 4044 RR.

2106 4076 2305 4139 Hunc
2338 4077 2500 4138 item
2546 4095 2822 4140 numum
2879 4078 3287 4143 Vaillantius
3350 4082 3534 4166 genti

2009 4172 2329 4239 Liciniae
2380 4171 2702 4257 largitur,
2784 4187 3115 4260 putatque
3188 4197 3232 4240 a
3303 4176 3535 4243 Craffo

2011 4270 2313 4352 quodam
2350 4270 2419 4332 in
2459 4274 2775 4354 Aegypto
2822 4270 2940 4334 sub
2981 4269 3381 4337 Caesaribus
3423 4268 3542 4338 eu.

399 4362 679 4450 historia
718 4373 1008 4456 Aegypti
1074 4369 1368 4447 mentio,
1423 4387 1558 4451 quo
1613 4380 1924 4452 tempore
2007 4366 2176 4455 sum.
2280 4371 2369 4433 At
2408 4366 2615 4450 negat
2648 4367 2780 4429 hoc
2841 4366 2983 4450 post
3043 4370 3536 4453 spanhemium

469 4575 545 4638 a)
567 4593 691 4646 pag.
732 4594 854 4643 292.

498 4651 686 4730 wat.
740 4654 872 4741 V.)

3091 4652 3155 4717 X
