4175 5450
196 2640 205 2647 .
343 2585 600 2660 modo,
652 2582 775 2645 sed
805 2593 874 2645 et
919 2583 1376 2645 marmoribus
1412 2581 1872 2645 inscribendi&

985 664 989 669 ’
1033 638 1210 718 AD
1311 633 1786 715 NVMOS
1886 634 2807 715 FAMILIARVM.
2920 683 2929 691 ·
3392 646 3486 730 71'

322 840 636 917 lantiuS,
674 836 738 921 ⁸¹)
795 844 879 905 et‘
908 840 1232 905 sexcentis
1262 842 1435 906 locis
1454 843 1872 908 Havercam-
1954 844 2308 907 Romanos
2339 843 2667 929 profiteri,
2719 841 2995 930 quando
3031 853 3308 908 moneta
3337 845 3475 909 Ro-

336 957 516 1024 puS,
572 956 727 999 eam
762 959 1008 1004 vocem
1056 941 1364 1002 additam
1409 940 1710 1007 indicare
1755 961 1871 1003 nu·
1954 961 2163 1005 mana
2249 940 2380 1003 fine
2432 943 2640 1004 dubio
2725 941 3031 1017 fuerunt,
3102 942 3474 1027 praecipue

328 1055 520 1100 mum
558 1035 629 1096 in
663 1035 828 1098 urbe
864 1035 1215 1133 fignatum,
1271 1037 1630 1099 omiil'am
1611 1058 1679 1099 1n
1713 1058 1874 1123 pro·
1956 1057 2148 1114 cum,
2202 1050 2276 1099 ut
2305 1032 2595 1101 sectione
2644 1038 2698 1102 Ι.
2733 1058 2882 1147 cap.
2936 1035 3054 1099 VI.
3125 1039 3468 1119 vidimuS,

339 1131 597 1197 vincia.
698 1117 1021 1197 Haeelex
1055 1136 1197 1214 jam
1230 1134 1523 1245 primum
1557 1152 1640 1196 eo
1666 1133 1893 1209 fanitf
1955 1135 2027 1195 in
2064 1135 2285 1195 numis
2322 1136 2532 1197 etiam
2574 1134 2944 1219 peregrinis
3002 1152 3146 1196 vox
3196 1135 3471 1198 ROMA

332 1228 570 1313 quod,
622 1237 697 1289 ut
734 1229 920 1303 dixi,
973 1232 1041 1292 in
1077 1231 1299 1293 numis
1318 1216 1714 1292 recentioris
1754 1250 1867 1292 ae·
1948 1250 2084 1293 non
2125 1215 2282 1292 r'aro
2319 1228 2620 1314 legatur,
2671 1230 2986 1295 nimirum
3040 1248 3176 1312 quo
3227 1232 3471 1314 populi

335 1327 407 1390 vi
446 1345 529 1388 ea
563 1343 706 1387 vox
749 1276 972 1401 8118[1;
1022 1325 1270 1389 deinde
1308 1325 1555 1405 nesci0,
1610 1345 1728 1388 cur
1747 1348 1865 1393 nu·
1946 1325 2225 1405 subjecti
2273 1325 2456 1388 suum
2499 1346 2651 1390 cum
2686 1328 2853 1391 urbe
2905 1326 3299 1399 dominante
3351 1346 3465 1394 ne

330 1423 469 1500 mi,
521 1406 633 1483 etii
682 1422 752 1483 in
797 1424 1199 1506 provincia,
1262 1433 1499 1485 tamen
1551 1444 1595 1486 a
1655 1426 1865 1509 magi·
1945 1442 2114 1490 xum
2146 1424 2510 1489 voluerunt
2540 1421 2785 1493 testari.

328 1469 540 1583 urim
572 1518 890 1582 Romano
926 1518 1191 1607 signati,
1242 1538 1381 1584 non
1416 1521 1765 1607 potuerint
1796 1522 1863 1586 se

1796 1908 1835 1989 ς
1909 1904 1998 1972 11.

1522 2095 1899 2186 compendia
1931 2100 2312 2189 βήμεναι.

448 2386 897 2477 Compendiis
930 2388 1297 2474 scripturae
1327 2389 1417 2453 uli
1452 2390 1597 2454 sunt
1628 2388 1876 2452 Graeci
1957 2386 2203 2452 Flando
2241 2386 2597 2464 Fer-tundo,
2648 2388 2719 2450 in
2769 2385 2994 2452 obviis
3050 2391 3281 2453 aeneis
3332 2390 3471 2455 Au

347 2506 605 2573 aeque,
659 2506 743 2549 88
826 2487 1169 2568 Romani,
1221 2507 1438 2571 neque
1511 2488 1581 2550 in
1653 2486 1876 2547 numia
1956 2482 2157 2567 gusti,
2185 2494 2278 2545 et
2321 2486 2391 2545 in
2431 2485 2718 2544 denario
2758 2481 3060 2549 Coll'utii.

2051 2580 2142 2652 A
2184 2575 2260 2645 C.
2297 2577 2585 2665 Absolve,
2639 2574 3013 2657 condemno,
3066 2577 3474 2647 CassiiLon·

340 2680 598 2746 Eorum
638 2679 818 2743 ratio
862 2697 1003 2742 non
1032 2700 1203 2761 una,
1228 2693 1318 2744 ut
1341 2680 1688 2765 sequentes
1731 2696 1874 2742 mo-
1955 2674 2120 2760 gini.

347 2779 419 2843 di
452 2775 876 2866 indicabunt.
2049 2771 2203 2837 AN.
2242 2771 2388 2836 XV.
2427 2770 2564 2833 PR.
2609 2769 2700 2837 H.
2736 2771 2823 2838 Ο.
2866 2769 2946 2839 C.
2996 2769 3065 2834 S.
3121 2772 3478 2839 ANnorum

1952 2868 2100 2932 XV.
2134 2868 2613 2933 PRaetextatus
2646 2868 2886 2956 Hostem
2926 2867 3209 2952 Occidit,
3260 2867 3475 2935 Civem

1910 2963 2295 3043 Servavit,
2349 2966 2617 3028 Aemilii
2666 2965 2934 3051 Lepidi.

860 2970 1356 3060 Perfigtas.

768 3066 779 3075 “
2049 3060 3482 3131 AMPF.-A....PV--—ARGPVB--

342 3130 357 3140 .
450 3163 716 3234 Omitto
758 3153 982 3227 minus'
1038 3175 1233 3228 areta
1282 3162 1692 3249 compendia
1728 3161 1872 3247 plu·
1953 3155 2096 3220 Ex.
2139 3158 2226 3225 A.
2268 3159 2346 3224 P.
2447 3160 2593 3222 Has
2631 3156 2964 3225 formulas
3036 3159 3334 3245 explicui
3375 3159 3474 3224 su·

348 3261 539 3326 ribus
584 3261 798 3326 literis
836 3257 1232 3338 constantia,
1285 3273 1353 3324 et
1394 3261 1507 3323 vel
1545 3259 1880 3322 tironibus

294 3417 303 3426 ,
354 3359 668 3443 cognita,
716 3370 844 3422 ut:
892 3354 1142 3423 DICT.
1168 3390 1268 3406 —-
1316 3357 1525 3429 AED
1565 3355 1766 3420 CVR.
1781 3390 1883 3403 -

351 3454 504 3517 TR.
562 3454 760 3517 MlL.
806 3464 937 3526 etc,
973 3466 1094 3517 aut
1143 3455 1306 3518 trita
1358 3452 1481 3513 illa
1532 3452 1609 3538 Ρ.
1663 3451 1747 3513 R.
1784 3485 1880 3499 —

362 3641 626 3709 CONS.
646 3643 893 3707 omiss'o
926 3643 987 3705 N
1030 3634 1378 3724 ἁρχαὶκως.
1478 3638 1677 3702 81818
1701 3659 1876 3701 mar-

352 3760 546 3804 more
580 3735 1000 3824 pervetuss03
1053 3733 1708 3810 COSOL.CESOR,
1750 3752 1877 3820 pto

353 3836 739 3903 CONSVL.
794 3834 1170 3898 CENSOR.
1222 3824 1288 3918 ¹²)
1388 3831 1619 3896 Minus
1666 3830 1881 3895 obvia

350 3934 501 3998 sunt
532 3933 716 4010 alia,
769 3932 840 3994 18
872 3950 1159 4016 quorum
1213 3931 1556 4017 plerisque
1626 3926 1879 3991 sensum

349 4042 658 4094 tenemus
706 4041 1003 4108 certum,
1085 4028 1155 4092 18
1219 4023 1563 4092 nonnullis
1641 4037 1870 4088 tamen
1948 4061 1957 4068 -

353 4125 777 4211 ambiguum,
829 4137 899 4188 et
930 4127 1220 4190 necdum
1242 4125 1402 4190 satis
1420 4120 1877 4207 exploratum.

357 4225 667 4285 Vocatur
705 4235 931 4285 autem
949 4222 1120 4310 sigla
1171 4221 1283 4287 vel
1302 4220 1536 4306 figlum
1596 4218 1875 4303 scriptu·
1892 4280 1899 4288 ,

356 4338 475 4394 ra,
529 4337 707 4402 quae
765 4317 1183 4382 vocabulum
1265 4317 1408 4384 sola
1463 4315 1604 4398 ejus
1677 4315 1880 4378 litera

354 4415 663 4500 principe
702 4412 1014 4479 absolvit.

452 4511 542 4582 A.
597 4511 684 4573 A.
740 4512 822 4573 A.
876 4510 954 4574 F.
1019 4510 1104 4580 F.
1138 4513 1321 4576 Auro
1374 4503 1663 4592 Arg‘ento
1726 4508 1887 4572 Acri

443 4719 503 4788 a)
534 4715 715 4770 Praei.
752 4719 784 4792 ς
822 4719 926 4774 VI.

678 3548 983 3611 Obvium
1066 3549 1279 3611 etiam
1330 3542 1420 3608 est
1501 3543 1690 3607 Cos,
1748 3555 1907 3629 pro*

1116 4719 1175 4787 b)
1210 4716 1448 4774 Pinneti
1483 4718 1740 4775 Menum.
1772 4697 1924 4792 s‘oip.

1960 3274 2090 3339 pra
2131 3255 2358 3339 capite
2397 3255 2517 3320 lv.

2059 3349 2136 3414 C.
2171 3351 2249 3413 F
2285 3350 2367 3414 L.
2398 3352 2480 3415 R.
2531 3349 2619 3431 Q.
2652 3351 2753 3413 M.
2791 3352 2862 3414 in
2889 3351 3219 3431 denario,
3272 3325 3479 3437 quem
3546 3415 3554 3422 ,

1960 3444 2318 3509 Morellius
2360 3446 2430 3509 in
2462 3458 2657 3531 gente
2689 3445 2912 3510 Fabia
2948 3451 3212 3513 recitat.
3289 3448 3478 3529 Quo·

1957 3561 2110 3604 rum
2147 3542 2254 3606 his
2297 3542 2512 3606 literis
2552 3541 2954 3606 Illvirorum
2991 3545 3272 3609 nomina
3306 3545 3480 3610 indi-

1958 3648 2228 3719 centur,
2276 3639 2629 3710 incertum.

2050 3732 2148 3798 D.
2194 3735 2275 3798 Ρ.
2328 3734 2404 3800 Ρ.
2452 3733 2578 3796 Dei
2614 3734 2920 3810 Penates,
2971 3731 3282 3819 Sulpicii.
3479 3771 3486 3786 ι

2055 3828 2145 3895 D.
2185 3829 2251 3892 S.
2287 3827 2356 3892 S.
2409 3829 2868 3914 explicatione
2899 3828 3249 3919 ambigua.
3302 3832 3482 3900 Vide

1961 3919 2304 4004 Cassiam,
2356 3937 2426 3989 et
2457 3924 2872 4008 Quinetiam.

2051 4021 2134 4085 F
2191 4023 2269 4087 P.
2338 4023 2422 4088 R.
2492 4022 2784 4089 Fortuna
2865 4021 3091 4109 Popuu
3156 4026 3479 4108 Romni.
3452 4075 3538 4111 ,.,

1957 4118 2165 4183 Arrii.

2057 4213 2142 4280 G.
2181 4217 2256 4281 P.
2300 4217 2384 4279 R.
2424 4211 2659 4282 Genius
2694 4217 2921 4304 Populi
2961 4219 3256 4285 Roma-ni.
3311 4219 3479 4287 Cor-

1959 4310 2124 4375 nelii
2171 4312 2466 4378 Lentuli.

2065 4407 2150 4473 G.
2205 4411 2289 4477 T.
2357 4416 2440 4473 A.
2531 4409 2769 4477 Genius
2809 4410 3138 4479 Tutelaris
3176 4415 3484 4503 Africae,

1971 4503 2256 4570 Caecilii
2304 4506 2586 4574 Metelli.
2771 4546 2781 4555 ·
