4175 5450
846 643 852 650 .
918 624 1512 706 LVCILIA.
1611 561 2351 704 chRETIA.
2430 571 2898 712 ‘LvR1A.

3346 655 3486 726 239

1495 1012 2303 1099 LVCILIA.

429 1215 611 1287 Gens
650 1218 950 1310 plebeia.
1052 1220 1451 1352 (ingnomen
1486 1217 1722 1306 Rufus.

623 1415 829 1504 caput
879 1370 1161 1514 palladis
1212 1368 1453 1484 afutum
1466 1464 1490 1497 ‚
1549 1435 1739 1503 pone·
1764 1421 1851 1484 A.

613 1516 759 1582 Pv.
804 1513 906 1581 vel
944 1515 1084 1583 Pv.
1143 1523 1389 1583 tantum
1410 1563 1430 1596 ,
1495 1517 1705 1582 omnia
1758 1515 1851 1580 in-

617 1623 728 1679 tra
762 1612 1063 1680 lauream.

323 1710 429 1786 M,
473 1708 803 1776 LVCILI.
839 1710 1044 1778 RVF.
1105 1709 1402 1779 Victoria
1436 1711 1517 1775 in
1573 1710 1718 1776 citis
1750 1706 1848 1776 ba·-

313 1809 448 1898 gis.
549 1809 698 1879 AR.
736 1806 816 1885 C.
1422 1853 1431 1860 ·

2033 1223 2278 1307 Typus
2319 1218 2632 1305 fimplex,
2682 1218 3078 1284 et'incertus
3113 1219 3227 1287 hic
3264 1222 3461 1290 Luci·

1933 1315 2065 1381 lius
2097 1317 2271 1381 nihil
2300 1316 2618 1382 adferunt
2645 1365 2665 1398 ‚
2720 1317 2907 1403 quod
2944 1314 3290 1385 observari
3320 1343 3459 1387 me·

1932 1427 2193 1482 reatur.
2295 1416 2373 1478 In
2437 1414 2752 1479 omnibu's
2802 1415 3067 1503 ectypis
3128 1417 3462 1484 hactenus

1934 1507 2156 1576 editis
2185 1510 2458 1599 reperio
2509 1513 2827 1598 scriptum
2858 1515 2943 1588 A
2993 1512 3172 1597 PV„
3248 1526 3324 1581 at
3386 1517 3458 1581 in

1934 1609 2333 1698 archetypis
2377 1609 2580 1675 musei
2632 1607 2947 1675 Caesarei
2990 1621 3256 1676 tantum
3298 1612 3465 1701 legi·

1931 1719 2043 1772 tur
2080 1708 2225 1773 Pv.
2328 1706 2748 1773 subauditur
2780 1727 2944 1796 ergo
2976 1706 3180 1775 litera
3216 1713 3318 1790 A,
3369 1709 3457 1774 fic

1916 1810 2006 1869 ‘ut
2039 1804 2259 1871 sensus
2299 1805 2412 1872 fit:
2464 1812 2753 1897 Argenta
2784 1804 3081 1872 vatico.

1410 2187 2351 2272 LVGRETIA.

337 2448 350 2462 .
420 2389 605 2456 Gens
665 2390 960 2475 patricia
1004 2387 1364 2464 exstincta3
1419 2408 1595 2474 quae
1630 2388 1700 2452 in
1732 2411 1854 2456 nu·

320 2487 450 2554 mis
488 2483 796 2574 superest,
850 2487 1144 2626 plebeijn.
1239 2485 1642 2572 Cognomen
1671 2488 1848 2553 Trio.

611 2681 864 2747 TRIO.
923 2680 1128 2768 Caput
1189 2677 1473 2748 Paffadt’s
1567 2678 1843 2762 alatum,

593 2781 801 2865 juxta
837 2780 920 2843 X.

320 2874 467 2942 CN.
509 2875 776 2941 LVCR.
814 2877 1106 2966 Dioscuri
1139 2878 1412 2963 equites,
1461 2874 1643 2962 infra
1690 2876 1845 2942 RO-

319 2973 488 3048 MA.
548 2975 740 3039 AR.
771 2974 852 3036 R.

611 3070 818 3156 Caput
860 3068 1035 3136 Solis
1068 3067 1422 3137 radiatum.

316 3144 397 3231 L.
435 3164 859 3233 LVCRETI.
890 3167 1142 3232 TRIO.
1201 3167 1391 3233 Luna
1430 3169 1594 3233 inter

318 3267 583 3331 triones.
682 3248 833 3327 AR.
868 3265 952 3332 R.

412 3362 758 3450 Restituta·
806 3363 995 3426 etiam
1032 3379 1076 3425 a
1117 3360 1423 3444 Trojano.
1524 3360 1739 3427 RRR.

613 3455 818 3538 Caput
849 3456 1132 3540 Neptuni
1156 3501 1178 3537 ‚
1220 3474 1384 3541 pone
1417 3463 1606 3520 notae
1637 3452 1842 3521 arith·

607 3552 883 3616 meticae.

315 3648 401 3713 L.
444 3644 870 3714 LVCRETI.
930 3644 1180 3741 TRJO.
1258 3646 1496 3733 Cupido
1538 3644 1848 3736 delphino

317 3755 530 3813 vectus
546 3793 567 3823 ,
618 3763 795 3832 quem
824 3743 1018 3830 freno
1039 3745 1232 3829 regit.
1330 3744 1490 3808 AR.
1543 3743 1626 3814 C.

418 3841 728 3910 Denario
761 3839 962 3906 alteri
1049 3840 1301 3908 inlatos
1363 3841 1516 3910 VII.
1587 3844 1844 3909 triones

1667 3167 1836 3238 VII.

1939 2391 2142 2455 causa
2177 2387 2540 2454 adlufionis
2597 2389 2688 2453 ad
2730 2409 3029 2471 nomen,
3079 2393 3254 2457 int'er
3308 2412 3453 2458 om·

1934 2507 2054 2551 nes
2089 2477 2429 2551 convenit.
2525 2484 2773 2564 Addo,
2838 2485 3029 2550 fuiss'e
3092 2501 3455 2572 praeterea

1932 2583 2258 2670 signatum
2310 2579 2519 2644 solem
2570 2593 2637 2646 et
2678 2580 2956 2663 lunam,
3025 2584 3213 2666 quod
3282 2584 3455 2649 haec

1928 2680 2146 2747 fidei-a
2181 2679 2569 2745 uberiorem
2597 2699 2766 2766 prae
2799 2679 2953 2745 aliis
2982 2678 3169 2748 lucem
3205 2680 3448 2747 diffun-

1930 2779 2152 2865 dunt,
2208 2797 2345 2864 quo
2410 2778 2649 2842 adludi
2690 2789 2860 2864 puto
2899 2779 2991 2843 ad
3028 2797 3281 2844 nomen
3319 2781 3454 2846 Lu-

1924 2879 2128 2942 cretii.

2025 2962 2417 3060 Cupido'in
2468 2970 2793 3057 delphino
2851 2992 3059 3057 eques
3117 2975 3452 3037 incertum

1923 3071 1994 3135 in
2034 3068 2356 3133 Lucretio
2396 3064 2487 3132 est
2538 3081 3032 3155 argumentum.
3111 3067 3451 3135 'vainan-

1922 3170 2056 3232 tius
2093 3164 2378 3230 Phoebo
2424 3163 2663 3250 plenus
2696 3167 3050 3253 utriusque
3091 3166 3310 3255 partis
3337 3177 3451 3250 ty-

1923 3285 2088 3352 pum
2124 3264 2218 3328 ad
2254 3261 2529 3326 Aemilii
2573 3260 2847 3327 Siciliae
2902 3263 3243 3351 praetoris
3274 3261 3446 3326 rela-

1923 3374 2069 3425 tam
2109 3359 2473 3423 victoriam
2514 3359 2837 3424 navalem
2878 3357 3127 3440 refert,
3181 3359 3343 3443 quin
3364 3377 3447 3422 eo

1923 3455 2114 3520 fuam
2137 3455 2462 3542 provexit
2479 3454 2996 3543 perspicaciam,
3016 3468 3092 3520 ut
3115 3475 3203 3520 ex
3217 3475 3446 3518 nume-

1926 3573 2007 3617 ro
2066 3551 2354 3629 XXXL,
2408 3570 2610 3635 quem
2667 3552 2741 3615 in
2795 3571 3005 3616 numo
3071 3550 3190 3615 suo
3250 3554 3450 3635 juxta

1928 3646 2231 3732 Neptuni
2269 3635 2479 3731 capui
2540 3647 2764 3726 vidit,
2814 3646 3032 3734 ipsum
3086 3658 3446 3734 captarum

1905 3744 2208 3810 ‘navium
2232 3761 2585 3807 numerum
2611 3743 2983 3832 colligeret.
3084 3742 3254 3830 Quis
3272 3742 3447 3811 haec

1924 3839 2256 3907 refutabit
2271 3842 2326 3923 ἰζ

1574 4221 2161 4308 LVRIA.

422 4519 606 4591 Gens
662 4518 915 4615 -parum
998 4528 1292 4615 cognita.

320 4621 654 4710 Agrippa.

421 4719 498 4785 P.
537 4719 891 4790 LVRIVS.
939 4718 1692 4790 AGMPPA.111V1R.
1759 4722 1850 4792 A.

1440 4521 1850 4614 Cognomen
1913 4530 2013 4710 p.
2060 4525 2376 4687 A.F..11⁴z*
2424 4528 2733 4594 {noem
2781 4527 3054 4616 Augnsti
3107 4524 3172 4592 I.
3218 4531 3325 4588 et
3317 4522 3450 4588 11.

1958 4643 2191 4689 ermae.
2358 4671 2372 4687 .
