4175 5450
1278 525 2669 713 PRAEFATIQ

366 1516 878 1689 *Alteram
924 1609 1352 1709 praesentis
1398 1610 1661 1710 operis
1724 1621 2078 1708 partem,
2103 1607 2122 1621 '
2167 1634 2369 1709 quae
2449 1623 2852 1684 monetam
2939 1606 3488 1682 Romanorum

398 1744 984 1841 complectitur,
1033 1748 1116 1818 in'
1159 1746 1417 1820 lucem
1454 1728 1705 1818 edere*
1738 1749 2055 1839 paranti
2096 1744 2335 1837 nihil,
2411 1734 2624 1843 quod
2673 1743 3154 1819 benevolum
3227 1741 3478 1836 lecto-

389 1900 562 1950 rem
599 1878 856 1952 amice
896 1882 1385 1954 commoneri
1425 1902 1846 1979 cuperem,
1898 1883 2276 1969 occurrit,
2328 1878 2539 1977 quod
2583 1902 2743 1951 non
2777 1879 2859 1949 in
2886 1877 3207 1948 monitis
3245 1897 3482 1973 gene·

387 2012 689 2086 ralibus
735 2013 1120 2091 volumini
1154 2017 1414 2114 primo
1457 2012 1835 2113 praefixis
1870 2017 2017 2088 rite
2062 2008 2663 2111 occupaviss‘em.
2708 2114 2714 2120 ,
2809 2011 3012 2088 Istud
3054 2038 3292 2088 unum
3341 2013 3479 2087 ob-

383 2147 709 2223 servass'e
742 2149 923 2222 satis
961 2154 1128 2239 erit,
1176 2173 1307 2223 me
1347 2149 1616 2224 dedita
1656 2172 1907 2250 opera
1938 2152 2019 2222 in
2057 2150 2412 2246 quintum
2440 2141 2600 2221 hoc
2637 2138 3012 2225 voluinen
3046 2148 3241 2223 nihil
3266 2170 3483 2223 rece·
3577 2200 3588 2213 „
3650 2160 3666 2170 “
3785 2143 3794 2152 “

382 2282 569 2381 piss'e
603 2283 985 2379 amplius,
1035 2283 1170 2356 nifi
1215 2308 1396 2356 eam
1433 2298 1768 2381 partem,
1820 2309 2024 2381 quae
2059 2308 2342 2357 numos
2397 2283 2840 2397 consulares
2886 2299 2964 2359 et
2998 2285 3476 2359 familiarum

384 2428 857 2514 pertractat.
936 2421 1201 2512 Atque
1248 2416 1377 2489 etfi
1405 2412 1775 2487 fratribus
1795 2416 1989 2490 illud
2009 2418 2159 2490 suis
2180 2418 2351 2491 fore
2386 2391 2858 2492 contractius
2884 2422 3471 2527 praevideram,

378 2563 649 2667 tamen
679 2550 836 2625 hoc
870 2548 1203 2625 instituto
1238 2560 1549 2647 gratam
1584 2552 1680 2621 iis
1705 2605 1729 2640 ,
1780 2574 2114 2648 quorum
2152 2551 2481 2643 interest,
2531 2574 2701 2624 rem
2741 2551 3130 2635 facturum
3170 2558 3468 2652 putavi,

378 2686 429 2760 fi
473 2658 893 2761 materiam
928 2687 1198 2784 suapte
1239 2690 1667 2788 integram,
1720 2698 1799 2761 et
1836 2708 2038 2785 quae
2083 2684 2186 2760 ab
2229 2685 2406 2761 aliis
2452 2685 2874 2785 separatim
2907 2700 3244 2764 tractata
3283 2689 3469 2780 fuit,

375 2823 732 2922 fingulari
770 2823 1173 2898 volumine
1212 2822 1825 2919 complecterer,
1878 2845 2081 2918 quae
2124 2823 2356 2896 causa
2408 2821 2597 2915 fuit,
2649 2846 2785 2898 cur
2813 2825 2987 2897 suos
3044 2824 3165 2897 illi
3222 2827 3464 2898 etiam

372 2959 682 3034 indices
722 2959 1210 3055 adjiciendos
1248 2961 1717 3057 putaverim
1819 2956 2051 3031 Hunc
2093 2956 2379 3029 deinde
2422 2970 2842 3033 tractatum
2884 2946 3285 3058 excipient
3322 2984 3459 3033 nu·

372 3103 484 3171 mi
518 3093 1078 3196 Augustorum,
1131 3087 1592 3183 Caesarum,
1641 3105 2204 3190 tyrannorum,
2255 3094 2389 3190 qui
2437 3095 2686 3189 partis
2724 3091 2944 3188 hujus
2988 3092 3089 3172 ΙΙ.
3137 3116 3458 3191 genera-

244 3229 253 3232 ’
314 3249 323 3258 ·
372 3234 511 3306 tim
553 3230 905 3328 sumptae
946 3216 1256 3326 partem
1294 3225 1629 3301 alteram
1677 3221 2154 3299 constituunt.
