4175 5450
723 630 820 707 62

824 823 1027 913 Fugit
1088 819 1394 891 Vrsinum
1449 812 1903 889 testimonium
1944 823 2245 906 Pompo·

725 924 862 1003 nii,
914 922 1191 1008 quando
1234 921 1555 1007 opinatus
1601 920 1689 985 est
1720 969 1740 1001 ,
1808 920 2097 985 lIIviros
2135 916 2242 980 Ci·
2279 966 2286 975 .

732 1021 1000 1086 ceronis
1037 1032 1346 1105 tempore
1372 1064 1393 1096 ,
1446 1017 1559 1082 vel
1592 1020 1829 1106 paullo
1869 1030 2024 1081 ante
2059 1035 2243 1081 crea·

726 1129 837 1181 tos
878 1113 1089 1182 fuisse.
1140 1114 1202 1204 ⁸)
1301 1117 1394 1178 At
1448 1114 1618 1180 nihil
1668 1113 2006 1180 molestius
2055 1112 2243 1179 Vail·

726 1215 946 1281 hntio
967 1262 985 1290 ‚
1040 1215 1334 1298 quicum
1359 1208 1531 1275 alias
1570 1214 1902 1277 adsereret
1919 1200 2020 1296 ‚¹³)
2045 1211 2247 1274 mvi-

731 1331 849 1375 ros
886 1329 1022 1375 non
1055 1308 1247 1372 fuiss'e
1274 1306 1603 1373 institutos
1639 1321 1798 1375 ante
1832 1310 1887 1372 1.
1933 1306 2250 1372 Caesaris

731 1408 1140 1471 dictaturam
1168 1454 1190 1490 ,
1240 1405 1382 1469 alio
1431 1405 1589 1470 loco
1621 1403 1685 1489 θ)
1732 1408 1816 1472 V.
1867 1404 1943 1469 C.
1995 1406 2161 1485 667.
2202 1424 2247 1468 a

730 1505 965 1571 Mario
1001 1500 1405 1566 Gratidiano
1447 1515 1762 1588 praetore
1803 1514 2073 1567 creatos
2124 1496 2243 1563 sta-

729 1600 897 1676 tuit,
951 1611 1155 1684 atque
1190 1600 1375 1661 idem
1410 1601 1621 1664 variis
1665 1619 1788 1685 per
1837 1614 2012 1685 opus
2052 1596 2247 1660 suum·

727 1695 899 1758 locis
935 1694 1028 1757 sui
1067 1695 1341 1758 omnino
1376 1695 1626 1760 oblitus
1668 1695 1917 1781 passim
1947 1686 2242 1759 Illviros

724 1789 1103 1855 monetales
1148 1791 1447 1876 agnoscit
1481 1792 1551 1856 in
1596 1792 1818 1859 nuruis
1845 1838 1863 1869 ,
1947 1792 2062 1874 qui
2098 1793 2242 1873 ejus

720 1885 923 1970 ipsius
980 1883 1402 1950 confessione
1454 1888 1667 1953 multo
1728 1899 1885 1952 ante
1923 1898 2241 1972 tempora

727 1979 1109 2046 Gratidiani
1138 1984 1434 2068 ‘percussi
1458 1984 1624 2048 sunt.
1726 1988 2070 2073 Vtoomnes
2099 1994 2238 2045 tres

719 2079 1086 2142 sententiae
1136 2099 1271 2143 una
1335 2076 1674 2142 consistere
1728 2099 1866 2144 non
1922 2079 2236 2165 possunt,

719 2173 815 2239 fic·
853 2175 1074 2259 prima
1136 2186 1314 2237 certe
1372 2173 1543 2238 falsa
1589 2189 1732 2239 tam
1784 2195 1872 2238 ex
1922 2175 2233 2238 oratione

716 2269 1122 2355 Pomponii,
1201 2291 1405 2354 quam
1445 2272 1655 2335 citata
1707 2270 2234 2357 Ciceronis-epi·

719 2364 888 2429 stola
913 2413 932 2441 ,
1024 2368 1092 2429 in
1160 2386 1299 2450 qua
1325 2413 1346 2445 ,
1423 2369 1720 2451 quinque
1774 2365 2010 2429 saltem
2072 2380 2232 2430 ante

720 2460 1024 2529 Caesaris
1065 2461 1473 2525 dictaturam
1518 2465 1710 2526 annis
1759 2462 2043 2548 scripta,
2087 2466 2231 2544 jam

712 2550 840 2620 hos
881 2559 1246 2620 memorari
1291 2559 1580 2625 IIIviros
1616 2560 1934 2623 vidimus.
2022 2559 2229 2642 Quod

712 2673 878 2717 vero
920 2654 1005 2716 de
1052 2652 1457 2717 Gratidiano
1492 2667 1866 2734 memorat,
1932 2655 2103 2719 nihil
2137 2658 2230 2720 ad

708 2749 1127 2836 praesentem
1158 2752 1423 2813 causam
1459 2755 1770 2836 pertinet,
1843 2753 2044 2815 Plinii
2072 2774 2225 2816 ver·

709 2845 803 2911 ba
838 2846 980 2908 sunt
1009 2868 1025 2907 ε
1055 2836 1135 2923 3)·
1164 2846 1503 2933 Mistentur
1529 2867 1683 2915 aera
1694 2847 1899 2933 falsae
1928 2859 2226 2915 monetae.

708 2941 852 3010 Alii
902 2960 935 3003 e
961 2940 1237 3026 pondere
1263 2941 1645 3019 subtrahunt
1683 2982 1714 2997 -
1767 2981 1800 2997 -
1855 2944 2077 3027 Igitur
2113 2965 2228 3009 ars

692 3039 883 3125 facta
918 3034 1209 3101 denarios
1227 3038 1507 3123 probare
1530 3087 1549 3116 ,
1617 3048 1750 3104 tam
1776 3039 2059 3127 jucunda
2093 3041 2225 3124 lege

694 3132 867 3226 plebi
884 3180 903 3210 ,
971 3143 1043 3196 nt
1074 3134 1295 3198 Mario
1335 3135 1721 3201 Gratidiano
1755 3138 2005 3201 vicatim
2051 3147 2226 3203 totas

685 3233 941 3318 statuas
978 3230 1301 3296 dicaverit.
1405 3231 1685 3310 Cicero,
1754 3234 1871 3316 qui
1902 3234 2080 3296 idem
2119 3233 2221 3297 fa·

703 3340 885 3389 ctum
944 3325 1189 3405 refert,
1229 3324 1289 3409 e)
1360 3327 1577 3415 legem
1619 3349 1662 3391 a
1712 3330 1941 3393 Mario
2002 3330 2220 3395 latam
2271 3313 2493 3389 'infra
2555 3329 2905 3407 recitabo,
2985 3333 3229 3393 deinde
3303 3331 3550 3394 numis.

1739 610 2788 697 PROLEGOMENA

2334 817 2543 903 tiam,
2634 838 2842 883 unum
2911 814 3199 882 addidit.
3320 810 3607 881 Factum
3686 812 3861 891 istud

2336 915 2523 981 haud
2569 914 2774 981 dubie
2806 918 2889 984 V.
2935 915 3014 980 C.
3081 934 3263 999 709,
3336 933 3496 978 nam
3541 918 3609 980 in
3657 919 3857 1000 hujus

2336 1015 2630 1099 primum
2669 1014 2829 1077 anni
2862 1014 3088 1078 numia
3110 1014 3201 1077 ad
3235 1014 3415 1075 hunc
3446 1014 3860 1083 dictatorem

2339 1111 2832 1198 pertinentibus
2941 1130 3070 1199 pro
3179 1110 3472 1174 Illviris-
3531 1125 3864 1178 notantur

2337 1206 2642 1287 1111viri,
2713 1221 2790 1271 ut
2839 1209 3106 1296 patebit
3157 1227 3244 1271 ex
3301 1205 3497 1289 hujus
3550 1222 3858 1275 moneta.

2336 1304 2593 1370 Narrat
2670 1304 3030 1370 Suetonius
3098 1306 3184 1369 de
3255 1303 3310 1368 1.
3381 1302 3714 1370 Caesare:
3796 1297 3858 1390 f)

2335 1400 2677 1473 Praeterea
2724 1413 3007 1469 monetae
3031 1449 3053 1480 ‚
3093 1398 3478 1488 publicisque
3526 1401 3859 1488 vectigali-

2333 1495 2452 1563 bus
2503 1497 2846 1585 peculiares
2874 1501 3099 1588 servos
3137 1499 3519 1586 praeposuit.
3619 1499 3855 1584 Quam

2337 1596 2720 1659 orationem
2782 1610 2856 1661 ut
2923 1596 3362 1661 conciliemus
3421 1612 3610 1673 oum,
3652 1598 3859 1662 certis

2331 1708 2694 1754 numorum
2723 1691 3161 1769 testimoniiS,
3231 1693 3348 1774 qui
3393 1702 3667 1755 auctum
3717 1710 3859 1778 po-

2329 1786 2465 1849 tius
2524 1787 2930 1852 Illvirorum
2998 1806 3390 1870 numerum,
3464 1806 3672 1870 quam
3726 1791 3856 1854 ad·-

2331 1895 2634 1968 emptam
2674 1886 2760 1947 iis
2779 1897 3099 1949 monetae
3119 1881 3628 1971 praefecturam
3650 1932 3669 1963 ,
3721 1885 3852 1950 ser-

2327 1979 2568 2060 visque
2610 1982 2936 2044 traditam
2979 1980 3431 2062 eloquuntur,
3486 1976 3854 2048 dicendum

2328 2073 2496 2156 erit,
2552 2073 2906 2140 Caesarem
2955 2076 3164 2139 servis
3212 2094 3351 2138 non
3391 2088 3710 2141 monetae
3764 2078 3843 2143 fi-

2326 2171 2642 2252 gnandae
2680 2174 3025 2257 negotium
3048 2218 3068 2247 ,
3119 2169 3232 2234 sed
3270 2184 3588 2235 monetae
3623 2174 3851 2259 publi·

2325 2282 2448 2327 cae
2484 2265 2778 2353 signatae
2824 2267 3194 2333 custodiam
3237 2268 3599 2351 mandasse,
3653 2273 3844 2355 quod

2319 2359 2533 2445 ipsum
2574 2364 2672 2427 ibi
2723 2366 2795 2428 in
2837 2363 3037 2450 spreti
3094 2365 3299 2450 patrii
3341 2364 3550 2426 moris
3600 2385 3839 2431 exem-

2323 2456 2453 2541 plis
2502 2457 2827 2536 refertur,
2902 2480 3100 2543 eum,
3175 2461 3361 2544 quod
3411 2459 3842 2543 quaestorum

2319 2550 2486 2630 fuit,
2559 2558 2628 2618 in
2667 2557 2894 2620 servos
2931 2557 3303 2619 transtulit.
3405 2556 3672 2621 Illlviri
3715 2563 3838 2624 eti-

2318 2670 2434 2711 am
2467 2650 2666 2714 scribi
2702 2666 3143 2739 perrexerunt
3185 2654 3252 2713 in
3299 2653 3517 2714 numis
3553 2653 3836 2720 Illviro-

2318 2766 2468 2809 rum
2513 2749 2593 2810 R.
2632 2749 2709 2811 P.
2747 2747 2821 2813 C.
2848 2751 3118 2812 nomine
3157 2748 3453 2834 signatis.
3547 2752 3842 2838 Ampius

2318 2842 2564 2904 deinde
2598 2844 2858 2922 hiatuS,
2912 2843 3300 2930 magistratu
3349 2846 3676 2910 monetali
3704 2870 3833 2933 per

2318 2935 2665 3020 sequentes
2709 2943 3023 3024 proxime
3074 2961 3289 3005 annos
3349 2959 3596 3006 nomen
3645 2946 3838 3013 suum

2316 3031 2384 3094 in
2446 3050 2721 3100 moneta
2792 3040 3070 3124 publica
3128 3042 3475 3107 reticente.
3574 3043 3838 3108 Terna-

2313 3131 2490 3194 rium
2525 3154 2876 3197 numerum
2917 3134 3194 3199 restituit
3212 3134 3539 3220 Augustus
3582 3140 3832 3205 docen-

2315 3239 2381 3290 te
2441 3226 2608 3295 istud
2671 3234 2963 3317 primum
3021 3232 3291 3313 Dione,
3372 3237 3557 3316 cujus
3614 3239 3835 3303 verba

3668 3335 3832 3417 Quo

702 3424 836 3504 ait,
885 3434 959 3488 ut
992 3444 1096 3488 res
1137 3427 1435 3490 ”amaria
1480 3425 1555 3490 de
1592 3429 1893 3491 communi
1909 3429 2221 3514 sententia
2309 3420 2476 3487 istud
2521 3445 2701 3489 anno
2739 3423 3038 3508 factum,
3104 3440 3253 3491 tuto
3306 3425 3658 3493 adfirmari
3705 3452 3830 3495 ne-

697 3521 1179 3607 coifiitueretur.
1328 3522 1709 3588 lactabatur
1741 3527 1936 3608 enim,
2007 3527 2217 3588 conti·
2310 3525 2476 3604 quit.
2576 3522 2955 3605 Aquillius,
3010 3524 3372 3601 Caninius,
3442 3505 3767 3591 Durmius
3803 3577 3832 3608 ,

699 3629 866 3680 nuat
909 3620 1139 3696 idem,
1210 3619 1322 3682 sed
1360 3640 1536 3703 quae
1569 3621 1892 3683 sententia
1934 3624 2216 3686 eruditis
2307 3618 2704 3697 Petronius,
2778 3640 3063 3702 quorum
3135 3625 3319 3686 numi
3388 3620 3624 3707 [ignati
3682 3625 3828 3691 sunt

697 3714 967 3788 videtur
1001 3716 1292 3793 intrusa,
1371 3716 1750 3802 temporibus
1785 3719 1903 3781 illis
1953 3739 2213 3797 namur,
2309 3716 2398 3787 V.
2448 3715 2521 3779 C·
2566 3729 2756 3798 734,
2826 3730 2945 3781 aut
3000 3721 3378 3803 proximis,
3431 3715 3580 3782 ‘sese
3621 3721 3827 3787 Invi-

677 3811 771 3900 fic
802 3821 879 3875 ut
914 3831 1087 3903 nenio
1115 3812 1304 3902 poffet
1314 3815 1515 3900 scire,
1566 3814 1721 3900 quid
1749 3813 2023 3880 haberet.
2095 3817 2210 3878 Ni·
2305 3830 2419 3873 ros
2484 3811 2854 3896 appellant.
2960 3818 3193 3879 Vtrum
3255 3818 3594 3880 anteriore
3647 3839 3828 3903 quo-

692 3908 794 3970 hil
851 3908 919 3970 in
984 3920 1273 3993 utroque
1327 3922 1605 3973 auctore
1662 3913 1747 3974 de
1811 3912 2214 3999 praepositis
2302 3908 2489 3991 piam
2565 3927 2746 3971 anno
2816 3909 2988 3975 haec
3056 3915 3344 3977 mutatio
3415 3917 3824 4000 contigerit,

695 4006 908 4069 modo
942 4004 1208 4069 Illviris
1232 4023 1287 4086 ,‘
1321 4020 1584 4070 tantum
1634 4006 1991 4075 fraudibus
2047 4029 2207 4072 cau·
2299 4003 2672 4089 ignoratur.

692 4112 859 4165 tum.
1584 4114 1599 4121 ’
2397 4101 2554 4184 Quo
2598 4102 2752 4166 loco
2804 4103 3069 4194 Romae
3102 4104 3352 4169 fuerint
3383 4106 3452 4169 hi
3497 4124 3820 4176 monetae

791 4196 961 4261 Cum
1034 4199 1365 4263 hactenus
1418 4212 1559 4263 tres
1614 4215 1897 4264 numero
1966 4199 2206 4276 essent,
2297 4197 2670 4283 praefecti,
2723 4213 2954 4264 narrat
2993 4203 3127 4264 Dio
3181 4206 3268 4265 ad
3309 4223 3560 4268 annum
3600 4211 3684 4274 V.
3733 4208 3815 4273 C.

688 4293 742 4360 1.
792 4294 1073 4375 Caesar,
1139 4301 1251 4381 qui
1308 4297 1813 4382 magistratuum
1852 4316 2203 4359 numerum
2296 4295 2555 4379 741.⁸)
2656 4295 3015 4382 Postquam
3069 4300 3242 4361 enim
3303 4302 3601 4382 dixisset,
3669 4307 3809 4368 Au·

688 4397 929 4473 auxit,
1013 4407 1084 4456 ut
1128 4394 1432 4479 pluribus
1474 4395 1684 4479 posl‘et
1735 4392 1987 4456 referre
2039 4413 2199 4480 gra·-
2291 4391 2542 4479 gustum
2600 4414 2687 4457 ex
2738 4395 3075 4481 equitibus
3128 4397 3352 4484 legisse
3401 4400 3524 4466 XX
3578 4402 3814 4481 viros,

1782 4633 1840 4699 b)
1877 4637 1932 4687 in
1971 4635 2148 4705 praef,
2185 4634 2345 4706 §VL
2541 4637 2586 4697 c)
2627 4651 2755 4709 pag.
2793 4645 2918 4712 388,
3113 4635 3169 4704 d)
3210 4638 3276 4696 L.
3324 4637 3610 4702 xxxm.
3646 4606 3806 4712 §-42

2072 4708 2125 4778 g)
2163 4707 2232 4769 L,
2269 4704 2422 4761 LIV.
2457 4705 2489 4777 S
2526 4709 2618 4763 26.

746 4636 803 4696 a)
840 4637 894 4684 in
928 4632 1109 4685 Gente
1141 4632 1359 4685 Cornel.
1394 4631 1508 4695 tab,
1544 4633 1589 4691 1.

675 4703 737 4766 e),
766 4701 933 4758 Offic.
958 4701 1024 4757 1..
1058 4704 1169 4758 111.
1200 4721 1245 4757 e.
1283 4721 1375 4762 ao.
1542 4703 1586 4770 1)
1620 4704 1763 4777 Cap,
1797 4707 1893 4775 7⁶·
