4175 5450
1540 491 1560 523 0

1943 571 2558 650 FONTEIA.

704 801 859 845 cum
896 777 1016 843 alii
1059 773 1451 862 THEMIS,
1502 772 1619 836 alii
1670 773 1950 838 HEMIS
2002 774 2222 858 legen·
2306 773 2708 842 Plutarchus
2740 818 2759 850 ,
2813 769 2876 856 ⁸)
2945 772 3224 835 Brutum
3302 792 3388 836 ex
3446 773 3567 857 iis,
3651 792 3834 862 quos

584 907 595 916 =
704 880 867 941 dum
914 865 1252 938 censerent
1277 919 1296 948 ,
1350 871 1461 934 sed
1502 871 1685 932 numi
1719 872 2134 954 integerrimi
2156 882 2224 933 et
2307 871 2492 933 acies
2529 869 2971 955 Philippensis
3009 866 3311 951 abstulit,
3366 869 3663 934 maxime
3700 873 3828 935 mi.

673 973 996 1070 'faqiores
1075 965 1450 1035 constanter
1518 968 1822 1032 HEMIC.
1873 965 2166 1029 offerunt
2200 1014 2217 1044 ‚
2303 965 2593 1029 seratum
2630 965 3024 1054 Labeonem
3071 976 3138 1027 et
3178 962 3538 1047 Flavium,
3593 966 3704 1030 sed
3760 968 3821 1032 is

696 1073 767 1133 in
810 1090 944 1154 quo
987 1082 1218 1131 tamen
1278 1062 1614 1148 explendo
1666 1062 1883 1124 multa
1928 1061 2220 1126 absurda
2301 1062 2492 1124 illum
2527 1082 2957 1146 nequaquam
2993 1080 3144 1122 cum
3214 1081 3418 1125 numo
3472 1062 3768 1148 legatum
3797 1112 3838 1143 „

1294 1159 1469 1221 Istud
1525 1156 1975 1221 indubitatum
1999 1205 2018 1234 ,
2094 1159 2220 1221 ess'e
2300 1157 2412 1220 sed
2448 1157 2871 1243 praefectum
2903 1155 3176 1221 fabrum
3209 1158 3542 1244 appellat.

3046 1252 3074 1284 ὕ

694 595 839 662 2⁸4
914 538 921 545 -

699 1169 980 1252 prolata
1014 1165 1176 1226 sunt.

702 1281 1080 1347 cognomen
1118 1256 1341 1320 Flavii
1366 1255 1982 1337 quomodocunque
2017 1271 2247 1316 enun-⁴

704 1360 1045 1423 ciandum.
1148 1352 1362 1415 Fuiss'e
1430 1351 1747 1414 Flavium
1793 1352 1986 1413 Bruti
2040 1351 2221 1435 lega·
2401 1351 2577 1415 Em.
2621 1306 3126 1426 tbAAotslOT',
3178 1303 3254 1412 ii:
3297 1351 3518 1415 numis
3580 1351 3826 1416 Hiera·

701 1467 888 1533 tum,
941 1463 1206 1517 veteres
1241 1452 1393 1513 'non
1457 1447 1846 1534 prodidere.
1965 1446 2224 1512 Narrat
2301 1459 2561 1533 pytnae
2598 1447 2885 1527 Cretae,
2937 1466 3142 1533 quam
3176 1446 3358 1513 vide.

1862 1701 2651 1830 FONTE1A

713 1913 727 1926 Ι
797 1935 975 2000 Gens
1018 1932 1289 2022 plebeia
1325 1959 1352 2011 ,·
1408 1954 1567 2000 nam
1602 1937 1679 1999 P.
1743 1935 2036 2001 Fonteio
2102 1941 2218 2003 ad·
2301 1938 2575 2013 fuerat,
2628 1911 2671 1996 a
2709 1933 3013 2000 Fonteiis
3059 1949 3378 2001 monetae
3437 1937 3631 2002 inseri
3703 1940 3812 2006 Ia·

697 2035 1073 2120 optandum
1114 2033 1175 2095 se
1210 2031 1399 2094 dedit
1436 2032 1742 2112 Clodius,
1795 2046 1870 2096 ut
1904 2035 2216 2100 tribunus
2300 2054 2500 2109 num,
2556 2032 2719 2115 quia
2758 2034 3017 2116 generis
3068 2046 3423 2118 parentem
3470 2033 3815 2119 agnovere

690 2131 790 2216 pl.
835 2130 962 2194 ess'e
990 2128 1248 2215 pollet.
1353 2126 1749 2213 Cognomen
1796 2130 2040 2215 Capito.

1298 2230 1303 2236 '
1442 2226 1471 2258 ἢ

1070 2292 1074 2295 <
1257 2276 1288 2308 ’Β
1622 2276 1652 2310 ἢ

942 2369 949 2374 -
989 2321 1192 2406 Caput
1234 2322 1384 2385 Iani
1428 2341 1599 2387 more
1656 2324 1974 2406 geminum
1996 2371 2007 2380 .
2029 2323 2216 2389 lann-

978 2422 1134 2502 gine
1161 2419 1433 2500 vestitum
1455 2466 1473 2497 ,
1523 2423 1592 2498 in
1634 2440 1786 2485 area
1844 2420 1905 2482 X
1925 2413 2000 2484 set
2029 2424 2215 2487 litera

984 2512 1316 2598 alphabeti.

695 2609 771 2676 C.
807 2610 1088 2676 FONT.
1154 2612 1384 2677 ‘Navis
1425 2633 1559 2677 eum
1633 2614 2093 2697 remigantibus
2156 2624 2218 2678 et

683 2707 1147 2797 gubernatore,
1200 2728 1280 2772 ex
1316 2713 1514 2794 puppi
1581 2708 1851 2796 defixum
1906 2714 2214 2800 ace-ostoli-

691 2827 797 2875 ειη»
818 2853 838 2884 ,
892 2816 949 2869 et
966 2805 1205 2892 fasciae
1236 2806 1653 2888 dependentes.
1754 2808 1902 2873 AR.
1959 2806 2040 2875 C.

792 2902 1201 2977 Vaillantius
1244 2902 1312 2962 in
1363 2904 1592 2964 antica
1648 2902 1889 2963 horum
1951 2903 2212 2965 denari·

697 3019 893 3062 orum
962 2997 1337 3079 express'um
1395 2998 1733 3081 geminum
1804 2998 1951 3060 Iani
2005 3011 2214 3083 caput

693 3094 869 3156 vidit
909 3091 995 3154 ad
1032 3093 1469 3154 indicandam
1512 3092 1950 3155 Fonteiorum
2009 3097 2209 3180 origi·

695 3208 850 3253 nem
896 3206 1101 3270 genus
1148 3186 1331 3248 suum
1388 3208 1431 3250 a
1468 3187 1690 3249 Fonto
1729 3188 1873 3250 Iani
1908 3188 2049 3251 filio
2096 3191 2207 3253 de·

696 3285 1084 3347 ducennum
1124 3282 1407 3345 docente
1454 3283 1793 3346 Arnobio:
1852 3274 1907 3364 b)
1981 3287 2209 3351 Ianum

678 3379 908 3466 firunt
951 3378 1125 3443 Coelo
1167 3388 1349 3465 atque
1374 3381 1630 3467 'Hecate
1683 3393 2086 3466 procreatum
2141 3388 2209 3447 in

697 3477 894 3542 Italia
938 3472 1213 3570 regnaffe
1269 3484 1541 3560 primum
1562 3524 1581 3554 ,
1669 3479 1934 3544 Ianiculi
1999 3483 2212 3563 oppidi

695 3573 1067 3638 conditorem
1093 3580 1121 3652 ,⁴
1174 3582 1423 3657 patrem
1500 3576 1691 3640 FON
1699 3578 1793 3640 TI
1807 3625 1825 3654 ‚
1907 3576 2214 3643 Vulturni

688 3691 1025 3758 generum,
1078 3672 1390 3735 Iuturnae
1428 3676 1747 3737 maritum.
1847 3663 2216 3737 Praeclara

697 3770 1127 3845 conjectura,
1182 3768 1494 3830 nimirum
1543 3768 1831 3832 aliorum
1885 3770 2214 3854 exemplis

638 3850 646 3861 ⁴
697 3863 928 3927 valide
950 3861 1372 3927 confirmata.
1475 3866 1584 3928 Sic
1610 3863 1960 3952 Calpurnii
1992 3869 2054 3931 in
2096 3887 2211 3927 nu·

702 3962 831 4041 mis
884 3957 1135 4021 finxere
1174 3972 1377 4043 ca'put
1408 3961 1716 4038 Numae,
1772 3965 1930 4047 quia
1966 3985 2005 4024 a
2059 3961 2213 4025 Cal-

696 4075 789 4142 po
832 4054 1093 4117 Numae
1126 4053 1268 4116 filio
1294 4059 1584 4138 oriundi,
1633 4061 1911 4122 Antonii
1949 4059 2209 4120 leonem

698 4152 1052 4227 HerculiS,
1108 4154 1266 4233 quia
1310 4174 1555 4216 nomen
1612 4166 1886 4217 traxere
1935 4156 2241 4218 ab·An·‘

696 4260 857 4311 tone
905 4248 1207 4311 Herculis
1242 4248 1406 4327 filio,
1432 4252 1679 4314 iterum
1700 4253 1990 4313 Numam
2010 4252 2208 4313 Pom-

694 4346 929 4432 ponii,
983 4345 1142 4429 quia
1179 4348 1440 4431 generis
1474 4360 1820 4437 auctorem
1862 4348 2211 4410 credidere

689 4442 1122 4528 Pomponem
1168 4443 1433 4509 Numae
1476 4442 1706 4511 filium.
1759 4444 1938 4529 Ergo
1971 4440 2207 4525 justum

759 4652 818 4717 a)
855 4653 914 4702 in
953 4622 1237 4724 Bruto-p..
1257 4661 1412 4714 1008·

1608 4649 1664 4721 b)
1700 4649 1832 4705 adv.
1864 4662 2058 4724 gentes
2091 4650 2165 4716 L.
2198 4652 2306 4709 111.
2342 4670 2402 4726 p.
2438 4669 2513 4705 m.
2548 4653 2634 4722 69.

2298 2132 2594 2194 Fontum
2624 2128 2773 2190 Iani
2809 2126 3043 2191 filium.
3146 2128 3351 2211 Quod
3385 2133 3452 2193 in
3488 2132 3595 2194 his
3611 2135 3820 2196 dena-

2299 2228 2422 2290 riis
2474 2225 2677 2288 Ianus
2730 2229 3157 2310 proponatur
3233 2227 3605 2310 imberbis,
3655 2219 3820 2292 c‘au-

2261 2324 2437 2386 lam
2490 2319 2752 2399 adfert,
2807 2323 2991 2405 quod
3043 2325 3101 2386 is
3153 2324 3486 2387 Romanis
3552 2346 3638 2388 ex
3689 2325 3816 2387 illo

2297 2416 2625 2482 imberbis
2687 2419 2872 2503 pingi
2961 2421 3300 2503 coeperit,
3355 2441 3440 2483 ex
3510 2442 3644 2505 quo
3714 2421 3821 2484 illi

2297 2514 2588 2579 barbam
2644 2514 2942 2598 posuere.
3043 2515 3114 2577 Si
3149 2537 3386 2580 verum
3431 2515 3557 2594 est,
3621 2519 3818 2601 quod

2294 2611 2503 2675 refert
2533 2610 2827 2687 Plinius,
2878 2608 2937 2692 ⁶)
2988 2610 3172 2673 usum
3224 2615 3612 2676 tondendae
3657 2615 3818 2677 bar-

2297 2708 2429 2772 bae
2457 2705 2596 2789 jam
2632 2727 2812 2775 anno
2843 2708 2925 2770 V.
2967 2704 3042 2773 C.
3068 2720 3257 2791 454,
3309 2710 3648 2774 radendae
3688 2709 3814 2774 sub

2297 2804 2615 2889 Scipione
2689 2802 3381 2888 Africano—sequente
3431 2807 3610 2890 apud
3664 2808 3818 2870 Ro-

2296 2920 2538 2963 manos
2577 2899 2966 2978 invaluiss'e,
3020 2913 3086 2963 et
3123 2921 3275 2967 cum
3324 2900 3577 2965 exstent
3622 2905 3819 2968 numi

2293 2994 2424 3058 hac
2457 3008 2686 3059 aetate
2720 2997 2909 3061 haud
2941 2996 3149 3060 dubie
3185 2996 3608 3083 posteriores,
3644 3021 3812 3083 quo·
3889 3022 3898 3026 ·

2291 3112 2440 3155 rum
2482 3112 2684 3156 unum
2730 3093 3039 3157 dedimus
3067 3095 3133 3157 in
3177 3107 3371 3179 gente
3417 3096 3685 3180 Eppia,
3740 3098 3814 3181 in

2293 3189 2535 3272 quibus
2579 3190 2782 3252 Ianus
2822 3190 3046 3253 adhuc
3090 3190 3415 3254 barbatus
3453 3191 3612 3276 fingi
3648 3213 3812 3256 con·

2289 3285 2540 3362 suevit,
2593 3287 2833 3353 causae
2875 3287 3030 3349 suae
3064 3286 3475 3350 Vaillantius
3528 3288 3662 3352 hoc
3707 3293 3813 3372 ju·

2296 3382 2476 3446 dicio
2514 3403 2649 3447 non
2715 3402 3128 3467 magnopere
3192 3383 3540 3447 consuluit.
3660 3386 3814 3449 Iam

2296 3499 2462 3541 vero
2501 3493 2720 3543 utrum
2759 3482 2828 3542 in
2860 3480 2967 3540 his
3019 3474 3286 3542 Fonteii
3347 3481 3642 3544 denariis
3693 3501 3811 3544 ca-

2297 3588 2420 3662 put
2456 3579 2724 3640 antieae
2765 3575 2837 3638 [it
2880 3576 3032 3638 Iani
3065 3577 3439 3659 putandum
3464 3623 3483 3653 ‚
3536 3578 3811 3641 videtur

2297 3671 2481 3757 poll'e
2525 3673 2842 3735 dubitari.
2945 3671 3182 3753 Neque
3244 3675 3419 3735 enim
3477 3674 3633 3736 satis
3691 3694 3810 3737 ex-

2297 3766 2518 3830 istimo
2578 3769 2894 3830 validum·
2940 3769 3231 3832 Arnobii
3296 3768 3746 3834 testimonium
3787 3819 3812 3854 ‚
3847 3793 3866 3813 ·

2298 3866 2452 3948 qui,
2507 3866 2690 3948 quod
2736 3866 3001 3949 norim,
3069 3885 3236 3927 unus
3278 3865 3474 3929 nobis
3513 3866 3812 3929 Fontum

2294 3960 2438 4021 Iani
2481 3958 2687 4021 filium
2733 3974 3089 4024 memorat.
3211 3963 3321 4024 Ad
3373 3961 3544 4026 haec
3601 3965 3810 4025 nimis

2294 4053 2536 4120 faciles
2585 4058 2780 4140 saepe
2822 4052 3032 4120 video
3071 4058 3498 4143 antiquarios
3556 4059 3623 4122 in
3682 4056 3805 4121 sta·

2293 4150 2544 4235 tuendo
2585 4154 2787 4232 Iano,
2840 4174 2990 4216 cum
3038 4166 3265 4217 tamen
3328 4166 3535 4241 eaput
3596 4156 3805 4240 gemi-

2297 4251 2727 4333 numjunctis
2772 4252 3107 4334 occipitiis
3174 4252 3455 4313 multum
3508 4249 3706 4337 saepe
3762 4271 3808 4315 a

2295 4347 2460 4409 Iano
2497 4346 2759 4411 diversa
2821 4345 3156 4433 figniflcet.
3278 4349 3549 4432 Operae
3603 4347 3809 4433 igitur

2293 4463 2404 4505 me
2440 4445 2732 4527 pretium
2787 4443 3125 4506 facturum
3186 4441 3530 4527 existimo,
3599 4456 3831 4526 atque.

2827 4653 2883 4723 e)
2911 4653 2989 4708 L.
3015 4652 3156 4707 vn.
3185 4651 3219 4727 ς
3246 4669 3339 4724 59.
