4175 5450
743 678 899 754 234.
924 649 931 654 ’

1484 853 1535 890 ,.

834 952 1101 1017 Numos
1141 904 1659 1038 inscriptoszP

730 1070 813 1128 us
869 1067 1024 1113 cum
1057 1047 1469 1132 'Vaillantio
1531 952 1795 1114 refPero
1851 1049 1944 1112 ad
1998 1061 2270 1135 gentem

734 1145 976 1211 Siliam
1001 1192 1023 1225 ,
1078 1163 1287 1230 quam
1329 1146 1519 1277 vide...g

646 1303 690 1316 .,
732 1337 942 1406 Stolo.
1304 1292 1354 1330 λ
1659 1293 1715 1328 *¹

778 1429 785 1434 ’
1026 1431 1535 1507 AVG-VSTVS.
1580 1438 1733 1502 ΤΒ.
1788 1435 2002 1504 ΡΟΤ.
2063 1435 2271 1521 Caput

1026 1532 1302 1621 Augusti
1339 1535 1593 1606 nudum.
1697 1535 1776 1599 In
1827 1534 2029 1599 aliis:
2117 1533 2266 1599 Au-

1024 1632 1241 1717 gustus
1272 1652 1455 1721 eques
1493 1633 1557 1701 d.
1605 1651 1902 1700 coronam
1969 1642 2268 1716 praeten-

730 1727 1754 1916 P.STO‘}:{5.111v1R.Apex
1782 1830 1955 1893 inter
1996 1823 2118 1891 duo
2152 1843 2265 1892 an-

732 1924 916 2087 τώς
941 1920 2265 2088 Ligsstgrs.STOL0.111v1R.A.

731 2123 818 2185 A.
850 2123 933 2194 A.
972 2116 1051 2186 F.
1100 2117 1181 2181 F.
1232 2121 1547 2190 inaneis
1580 2119 1858 2208 Augusta·
1908 2118 1970 2184 I.
2038 2126 2099 2182 et
2159 2117 2273 2183 II.

580 2285 589 2292 ,
712 2217 994 2303 formae.
1098 2210 1174 2278 C.

830 2307 1028 2374 Teste
1064 2310 1376 2374 Varrone
1434 2306 1498 2392 ⁸)
1549 2308 1608 2372 is
1685 2307 1995 2376 Licinius
2030 2358 2052 2391 ,
2146 2312 2269 2395 qui

730 2408 1040 2475 tribunus
1080 2403 1172 2490 pl.
1213 2406 1431 2491 legem
1486 2406 1680 2483 tulit,
1733 2426 1816 2469 ne
1872 2409 2024 2493 quis
2090 2409 2264 2472 civis

713 2508 816 2594 R.
855 2504 1007 2592 plus
1046 2502 1146 2565 D:
1174 2502 1420 2588 jugeris
1479 2500 1808 2580 haberet,
1890 2505 2112 2570 dictus
2176 2502 2267 2568 est

730 2603 953 2682 Stolo,
1005 2600 1193 2686 quod
1272 2611 1415 2663 tam
1459 2600 1777 2684 pertinax
1826 2600 1899 2665 in
1956 2601 2264 2667 colendis

732 2702 915 2790 agris
980 2693 1263 2762 studium
1324 2695 1683 2776 adhibuit,
1736 2708 1811 2762 ut
1893 2699 2119 2764 nullus
2192 2699 2265 2763 in

2088 648 2507 731 LIVIA.
2587 676 2592 684 ’

2352 857 2493 936 ejus
2530 850 2747 918 fundo
2789 852 3073 939 reperiri
3096 850 3312 942 pollet
3322 847 3508 941 stolo
3606 850 3712 938 Ex
3747 829 3916 920 liu-x

1664 948 2042 1017 ,NERVA
2085 951 2268 1037 poti·
2342 954 2453 1036 jue
2484 951 2765 1039 posteris
2813 949 2946 1015 fuit
2980 952 3218 1030 Stolo,
3286 970 3490 1038 quem
3550 952 3739 1016 numi
3783 952 3884 1016 hi

2352 1046 2571 1112 fistunt
2599 1047 2715 1113 sub
2763 1046 3056 1134 Augusto
3081 996 3405 1114 Illvirum
3439 1048 3900 1115 monetalem.

2348 1143 2706 1210 Existimat
2745 1145 3201 1227 Vaillantius,
3252 1144 3360 1210 his
3405 1145 3706 1211 denariis
3761 1167 3885 1211 ex-

2351 1242 2576 1307 hiberi
2616 1240 2978 1330 Augustum
3013 1266 3050 1309 e
3094 1243 3326 1329 Syria·
3353 1243 3718 1322 reducem,
3808 1255 3887 1307 et

2225 1349 2232 1355 '
2354 1352 2678 1405 ovantem
2735 1339 2971 1405 urbem
3034 1340 3424 1430 ingress'um,
3506 1340 3696 1425 quod
3751 1340 3892 1404 fine

2349 1437 2669 1524 sanguine
2702 1438 2889 1502 cives
2927 1452 2994 1504 et
3026 1437 3209 1525 ligna
3252 1458 3297 1502 a
3346 1437 3622 1502 Parthis
3691 1457 3892 1501 recu·

2349 1535 2659 1623 peravit,
2713 1546 2787 1598 ut
2837 1535 3156 1621 perhibet
3186 1535 3353 1615 Dio,
3408 1534 3721 1618 quorsum
3756 1536 3886 1600 eti-

2350 1651 2465 1696 am
2498 1629 2741 1698 referri
2764 1633 2985 1697 censet
3016 1645 3287 1719 partem
3321 1632 3665 1708 aversam3
3719 1651 3892 1696 nam

2348 1727 2388 1791 s
2372 1747 2532 1814 gna
2566 1728 2740 1793 haec
2797 1728 3372 1816 suspendebantur
3456 1729 3527 1794 in
3618 1729 3886 1814 templo

2348 1825 2598 1890 Martis
2635 1826 2933 1904 Vltoris,
2985 1826 3181 1910 hujus
3270 1822 3524 1888 flamen
3608 1827 3886 1913 apicem

2346 1919 2650 2007 gestabat
2676 1969 2698 2000 ,
2751 1934 2819 1986 et
2858 1923 3000 2006 ejus
3054 1935 3204 1987 erat
3258 1922 3529 1987 servare
3600 1922 3883 1988 ancilia.

2350 2017 2460 2083 De
2494 2018 2828 2083 ancilibus
2858 2020 3061 2099 vide,
3115 2039 3292 2105 quae
3351 2020 3580 2084 dicam
3627 2021 3697 2084 in
3754 2040 3890 2084 nu-

2352 2115 2488 2178 mis
2532 2115 2857 2180 Antonini
2889 2117 2996 2180 Pii
3033 2117 3126 2182 ad
3174 2136 3429 2182 annum
3464 2119 3547 2183 V.
3588 2114 3668 2183 C.
3714 2130 3888 2204 893.

3097 2213 3130 2248 ἢ

2917 2263 2949 2296 Ἰ
3273 2264 3309 2299 Β

2351 2306 2631 2375 Licinius
2658 2311 2949 2376 incertus.

2446 2405 2732 2470 Denarii
2772 2408 3022 2470 veteris
3076 2407 3405 2490 rationis,
3461 2421 3532 2472 et
3594 2408 3836 2476 serrati
3865 2460 3890 2491 ,

2347 2502 2418 2565 in
2469 2522 2759 2586 quorum
2793 2503 3075 2568 aversa:
3127 2504 3208 2567 L.
3255 2502 3891 2588 LIC.CN.DOM„

2348 2599 2435 2663 de
2480 2599 2725 2684 quibus
2766 2600 2954 2676 vide,
3008 2620 3183 2684 quae
3226 2601 3375 2666 dixi
3414 2604 3486 2668 in
3531 2613 3727 2691 gente
3752 2602 3894 2669 Co·

2345 2693 2580 2763 sco'nia
2607 2746 2627 2779 ,
2680 2707 2748 2762 et
2783 2696 3123 2764 Domitia.

2029 2976 2600 3061 LIVIA.

682 3180 698 3195 ⁶
838 3180 1021 3248 Gens
1064 3181 1366 3270 plebeia.

832 3279 994 3364 Ejus
1039 3280 1301 3344 denarii
1341 3280 1673 3345 hactenus
1736 3280 1882 3345 noti
1925 3276 2276 3344 Goltziani

742 3375 889 3441 funt
930 3396 1194 3449 omne&
1292 3373 1573 3441 Exstant
1610 3396 1777 3440 vero
1815 3376 2011 3442 aenei
2056 3375 2276 3441 inscri-

738 3475 884 3560 pti.
941 3472 1019 3539 L.
1040 3473 1329 3541 SALIN.
1368 3471 1445 3541 C.
1481 3473 1881 3552 CASSIVS,
1938 3475 2277 3558 quonjam

734 3571 1025 3635 recitavi
1075 3571 1144 3633 in
1176 3582 1374 3657 gente
1410 3568 1667 3636 Cassia.
1768 3570 1911 3634 Eos
1972 3571 2277 3635 nonnulli

586 3712 595 3715 -
735 3668 920 3753 genti
968 3667 1216 3732 Liviae
1254 3667 1584 3746 inserunt,
1638 3667 1826 3752 quod
1874 3666 2050 3732 haec
2093 3666 2275 3734 Sata·-

734 3773 996 3830 uatoraes
1035 3764 1216 3832 tulit.
1317 3764 1453 3829 Sed
1493 3783 1878 3851 cognomen
1910 3761 2080 3828 istud
2141 3763 2277 3829 fuit

741 3862 948 3925 etiam
983 3861 1165 3946 genti
1209 3861 1489 3947 Oppiae
1516 3910 1537 3945 ,
1589 3863 1680 3926 ad
1726 3881 1898 3946 quos
1936 3862 2277 3947 pertinere

735 3956 867 4021 hos
903 3975 1147 4020 numos
1197 3957 1620 4024 verisimilius
1663 3956 1803 4044 est,
1862 3970 1949 4029 at
2011 3960 2080 4023 in
2141 3959 2274 4024 hac

738 4053 1026 4122 dicetur.

836 4149 1131 4238 Drusus,
1186 4167 1567 4236 cognomen
1628 4154 1838 4218 etiam
1890 4152 2109 4240 gentis
2164 4149 2273 4213 Li-

698 4290 707 4301 „
743 4246 941 4330 viae,
991 4246 1108 4310 sed
1140 4246 1536 4329 Drusorum,
1587 4263 1710 4315 aut
1751 4252 1822 4314 in
1864 4260 2133 4335 gentem
2168 4246 2277 4311 Iu·

2351 3188 2739 3270 junctorum
2777 3207 3022 3254 numos
3069 3190 3139 3254 in
3187 3203 3536 3255 monetam
3587 3192 3901 3280 impera·

2356 3293 2583 3345 torum
2623 3281 3023 3350 differimus.
3126 3285 3229 3355 Cl.
3271 3288 3591 3353 Nauzeus
3649 3294 3902 3378 copio-

2356 3378 2422 3442 se
2459 3376 2814 3444 illustravit
2885 3383 3239 3447 denarium
3287 3384 3723 3470 inscriptum·
3779 3390 3894 3454 M.

2359 3474 2573 3539 LIVI.
2609 3476 2687 3542 L.
2755 3477 2832 3541 F.
2897 3479 3273 3546 DRVSVS.
3332 3480 3588 3546 LlBO.
3623 3483 3770 3549 EX.
3825 3485 3899 3553 S.

2362 3569 2440 3636 C.
2492 3559 2559 3655 b)
2659 3574 2818 3658 Ejus
2840 3595 3252 3662 praeconem
3288 3578 3532 3643 citavit
3585 3579 3898 3646 Vaillan·

2356 3668 2525 3732 tium
2560 3670 2629 3733 in
2669 3668 2938 3736 familia
2972 3672 3215 3753 Livia,
3265 3693 3510 3760 parum
3543 3673 3714 3741 istud
3769 3679 3898 3742 ad-

2359 3778 2590 3830 curate
2674 3787 2802 3852 pro
2850 3768 3246 3855 disciplinae
3286 3768 3550 3835 nostrae
3595 3773 3898 3860 legibus.

2361 3860 2688 3926 Citandus
2733 3864 2912 3928 enim
2949 3863 3179 3931 fuerat
3212 3864 3567 3949 Goltzius,
3619 3891 3712 3935 ex
3749 3891 3902 3955 quo

2357 3975 2513 4021 eum
2548 3958 2767 4025 hausit
2781 3962 3219 4028 Vaillantius.
3319 3964 3560 4050 Neque
3594 3968 3778 4032 enim
3802 3968 3905 4034 ab

2360 4054 2498 4119 alio
2556 4056 2790 4145 aliquo
2878 4061 3275 4146 conspectus
3350 4081 3651 4146 unquam
3727 4063 3902 4159 fuit.
3927 4122 3934 4126 ,

2357 4151 2538 4239 Ergo
2591 4173 2746 4219 cum
2799 4175 3041 4222 numus
3091 4156 3168 4221 lit
3211 4179 3396 4223 mere
3444 4130 3906 4244 Goltzianus,

2364 4268 2550 4313 eum
2565 4270 2693 4336 pro
2737 4249 3035 4317 instituto
3075 4273 3236 4319 meo
3271 4257 3343 4321 in
3388 4250 3569 4321 hunc
3620 4259 3900 4325 catalo-
3903 4334 3908 4337 ,

740 4342 921 4412 liam
954 4343 1504 4428 wadoptatorum
1560 4357 1682 4410 aut
1713 4346 1874 4411 huic
1919 4343 2279 4410 adfinitate
2361 4364 2520 4431 gum
2559 4367 2699 4412 non
2725 4350 3026 4443 recipio.

810 4749 868 4810 a)
902 4743 978 4797 de
1014 4745 1081 4799 R.
1118 4745 1189 4800 R.
1224 4746 1294 4808 1..
1329 4746 1380 4808 1.
1416 4762 1464 4799 c.
1488 4761 1557 4809 ,²-

1729 4745 1787 4812 b)
1826 4746 1896 4807 Β.
1932 4749 1999 4803 1..
2039 4752 2114 4813 T,
2154 4753 2409 4809 xxxv.
2444 4773 2505 4828 p.
2541 4758 2665 4814 σου.
