4175 5450
2885 800 2942 837 ,ὲ

990 980 1841 1086 CONSPECTVS
1936 980 2562 1081 VOLVMIN
2566 980 2675 1077 IS
2752 981 2872 1076 V.

1532 1285 1592 1360 S
1634 1286 1709 1360 E
1752 1287 1818 1359 C
1873 1285 2032 1360 TI
2074 1284 2145 1358 Ο
2259 1280 2326 1354 Ι.

1252 1477 1383 1550 De
1477 1412 1788 1550 numi-r
1882 1470 2605 1591 oonsularibus.

386 1664 687 1736 CAPVT
735 1670 787 1734 I.
860 1666 865 1671 ’
935 1674 1288 1738 Numorum'
1317 1674 1775 1752 Romanorum,
1827 1678 1961 1738 tum
1996 1671 2398 1759 consularium
2439 1674 2623 1752 origo
2670 1678 2730 1734 et
2768 1673 3135 1756 antiquitas.
3182 1669 3346 1755 Pag.
3404 1689 3464 1734 2.

734 1766 824 1830 ΙΙ.
936 1767 1040 1832 De
1067 1780 1308 1833 moneta
1340 1790 1530 1835 aenea
1564 1770 2004 1833 Romanorum.
2052 1769 2217 1851 Pag.
2273 1782 2339 1851 3.

912 1866 945 1941 ς
995 1862 1047 1926 Ι.
1194 1862 1293 1931 De
1327 1864 1441 1952 affe
1474 1875 1532 1928 et
1564 1866 1694 1947 ejus
1721 1862 2039 1946 partibus.
2091 1863 2257 1945 Pag.
2312 1874 2375 1937 4.

1006 1959 1093 2021 ΙΙ.
1218 1960 1316 2025 De
1367 1961 1499 2047 affis
1534 1960 1959 2026 deminutione.
2014 1958 2177 2040 Pag.
2210 1958 2300 2017 6.

1005 2053 1126 2114 111.
1204 2052 1626 2119 Characteres
1660 2064 1934 2117 monetae
1965 2070 2183 2116 aeneae
2213 2049 2565 2137 consularis.
2615 2051 2778 2135 Pag.
2836 2072 2899 2131 9.

996 2147 1116 2213 IV.
1223 2149 1560 2233 Catalogus
1593 2157 1867 2211 monetae
1897 2166 2115 2211 aeneae
2146 2146 2500 2231 consularis.
2552 2147 2713 2231 Pag.
2775 2162 2800 2208 ι·
2814 2167 2883 2227 3.

729 2240 857 2303 ΙΙΙ.
958 2241 1058 2305 De
1088 2253 1333 2306 moneta
1369 2251 1670 2325 argentea
1702 2242 2167 2306 Romanorum.-
2196 2242 2361 2323 Pag.
2413 2242 2517 2301 16.

909 2339 941 2413 §
990 2334 1044 2396 Ι.
1193 2337 1293 2401 De
1330 2337 1611 2399 exordiis
1651 2345 1925 2400 monetae
1956 2345 2319 2419 argenteae,
2371 2335 2615 2418 eiusque
2643 2333 2945 2421 divisione.
2997 2334 3158 2421 Pag.
3203 2340 3326 2406 ι6.

997 2429 1083 2490 ΙΙ.
1204 2431 1305 2493 De
1337 2432 1629 2506 denario,
1680 2431 1926 2511 ejusque
1949 2430 2222 2511 pondere
2253 2447 2324 2491 ac
2352 2432 2542 2491 notis.
2595 2429 2764 2511 Pag.-
2818 2441 2923 2501 18.

998 2522 1117 2587 111.
1218 2523 1317 2588 De
1353 2525 1640 2607 quinario
1680 2524 1924 2606 ejusque
1950 2526 2140 2587 notis.
2193 2524 2358 2604 Pag.
2415 2539 2525 2587 20.

991 2616 1112 2683 IV
1212 2618 1311 2682 De
1339 2619 1609 2702 sstertio
1650 2620 1895 2701 ejusque
1920 2620 2114 2679 notis.
2165 2617 2352 2697 Pag.
2387 2634 2494 2695 23

988 2714 1073 2772 V.
1212 2712 1311 2777 De
1341 2714 1585 2775 ratione
1618 2721 1887 2775 veterum
1922 2712 2288 2775 numerandi
2334 2712 2399 2773 in
2418 2711 2728 2796 sestertiis.
2780 2710 2944 2795 Pag.
3003 2730 3038 2773 2
3045 2736 3112 2796 3

988 2806 1106 2870 VI.
1207 2808 1306 2871 De
1330 2807 1548 2870 valore
1561 2808 1824 2892 sestertii
1856 2814 2209 2889 comparate
2242 2803 2328 2868 ad
2350 2815 2652 2868 monetam
2681 2797 3058 2871 hodiernam.
3111 2810 3275 2894 Pag.
3332 2828 3444 2888 27.

747 2903 865 2967 IV.
964 2901 1066 2968 De
1099 2912 1341 2966 moneta
1376 2920 1569 2966 aurea
1604 2901 2047 2976 Romanorum.
2101 2902 2261 2983 Pag.
2319 2912 2430 2971 28.

942 3001 974 3076 ς
1026 2996 1079 3058 Ι.
1230 2997 1331 3060 De
1360 2995 1642 3060 exordiis
1672 2999 1943 3060 monetae
1976 3014 2241 3069 aureae,
2287 2993 2597 3076 pondere,
2652 2996 2882 3058 valore.
2936 2997 3100 3080 Pag.
3156 3009 3273 3070 28.

1027 3091 1113 3153 11.
1212 3091 1394 3155 Sitne
1405 3093 2054 3172 monetaeaureastante
2066 3107 2195 3173 rep.
2217 3109 2298 3153 ex
2315 3087 2444 3171 lege
2466 3090 2849 3179 ordinarias
2843 3092 3099 3173 gnata?
3145 3095 3305 3178 Pag.
3324 3115 3366 3174 3
3382 3115 3439 3172 7.

721 3189 804 3248 V.
926 3186 1267 3269 Catalogus
1309 3183 1634 3249 numoru'm
1670 3181 2095 3272 consularium.
2147 3185 2312 3267 Pag.
2366 3195 2483 3259 42.

721 3280 837 3344 VI.
939 3282 1040 3347 De
1074 3284 1282 3345 numis
1304 3282 1659 3365 peregrinis
1692 3281 2000 3364 instriptis
2037 3278 3198 3361 ROMA.Pag.44.1

934 3379 967 3454 ς
1018 3376 1072 3446 Ι.
1222 3378 1419 3442 Numi
1446 3376 1768 3459 peregrini
1800 3373 1869 3437 A
1879 3374 1948 3438 V
1946 3375 2109 3438 REI
2137 3374 2411 3458 inscripti
2456 3373 2744 3438 ROMA.
2797 3375 2958 3459 Pag.
3010 3390 3124 3451 44.

1032 3470 1120 3532 ΙΙ.
1220 3459 1420 3535 Numi
1446 3471 1771 3552 peregrini
1806 3469 2303 3533 ARGENTEI
2327 3469 2599 3552 inscripti
2644 3469 2933 3534 ROMA.
3006 3472 3165 3557 Pag.
3228 3483 3341 3551 45.

1029 3563 1149 3626 111
1219 3565 1415 3630 Numi
1440 3564 1764 3647 peregrini
1796 3558 2105 3626 AENEI
2116 3563 2390 3647 inseripti
2423 3559 2709 3627 ROMA.
2765 3565 2927 3647 Pag.
2981 3568 3097 3638 46.

1038 3657 1156 3722 IV.
1234 3658 1763 3760 Numiperegrim
1751 3656 2047 3742 inscripti
2081 3656 2484 3722 ROMANO
2510 3656 3115 3724 vetssoMANOM.
3153 3663 3294 3746 Pag
3324 3672 3445 3735 48.

1474 3839 1648 3914 SE
1694 3835 1972 3952 C-TI
2014 3840 2084 3914 Ο
2180 3840 2295 3914 II.

1236 4035 1373 4106 De
1469 4036 1791 4106 numis
1886 4029 2652 4128 Familiarum„

1176 4230 1669 4314 Prolegomena
1720 4230 1811 4292 ad
1860 4249 2104 4292 numos
2154 4229 2622 4303 Familiarum,

369 4420 671 4489 CAPVT
720 4422 774 4484 Ι.
924 4418 1235 4484 Iudicium
1275 4417 1348 4483 de
1379 4417 1650 4482 utilitate
1680 4439 2006 4484 numorum
2016 4419 2441 4504 familiarum.
2495 4418 2589 4479 Pa
2600 4440 2660 4503 g
2715 4440 2756 4501 e,-
2763 4442 2829 4500 3

280 4525 292 4534 ·
721 4515 809 4580 ΙΙ.
921 4515 1022 4584 De
1067 4514 1417 4584 nominibus
1454 4519 1521 4580 in
1558 4518 1764 4581 numis
1799 4516 2229 4588 Familiarum.
2281 4515 2444 4599 Pag
2494 4531 2609 4597 55.
