4175 5450
1228 622 1581 730 NVMI
1678 606 2601 713 CONSVLARES.
2851 702 2860 709 ,
3131 570 3138 585 ’
3384 640 3506 725 23'

1766 1121 1812 1202 3
1903 1116 2104 1185 lv„

1409 1307 1515 1379 De
1536 1294 1809 1403 stste'rtto
1826 1361 1851 1394 ,
1868 1342 1875 1351 ·
1892 1312 2154 1400 qusque
2188 1310 2381 1377 notes.

414 1600 782 1670 'sestertius
819 1650 841 1683 ,
908 1602 1025 1669 vel
1085 1598 1544 1687 sesquitertius
1612 1610 1854 1665 numus
1932 1599 2291 1664 uariorum
2343 1608 2581 1662 notam
2622 1595 2682 1660 X
2718 1596 3030 1662 vidimus
3083 1597 3282 1682 hipra
3322 1608 3461 1661 tra*

331 1703 554 1767 dietus
585 1748 606 1779 ,
687 1698 873 1785 quod
930 1697 1193 1777 valeret
1249 1696 1417 1761 ass'es
1472 1697 1645 1763 duos
1701 1716 1858 1761 cum
1937 1700 2188 1779 jectam
2227 1695 2600 1781 virgulam,
2650 1704 2727 1777 ut
2763 1693 2841 1759 fit
2871 1688 2988 1785 ᾖε,
3108 1714 3196 1758 uo
3243 1695 3458 1781 modo

331 1799 646 1879 dirnidio.
747 1796 905 1860 Fuit
936 1796 1113 1863 adeo
1160 1804 1408 1880 quarta
1447 1812 1611 1879 pars
1655 1793 1858 1857 dena·
1948 1804 2018 1855 et
2071 1791 2391 1857 Oscenses
2453 1790 2823 1876 Hispaniae
2878 1806 3006 1877 pro
3102 1790 3316 1857 [VIR.
3386 1790 3460 1855 in

332 1894 458 1974 rii,
522 1905 600 1974 —et
646 1891 1008 1957 dimidium
1070 1891 1418 1976 quinarii,
1490 1880 1866 1972 habuitque
1948 1890 2171 1953 numis
2205 1886 2516 1974 scripsere
2555 1886 2801 1951 HVIR.

330 2010 488 2057 eum
537 1989 646 2053 his
670 2036 692 2069 ,
777 1987 823 2050 fi
890 1989 1171 2072 quando
1235 1986 1548 2053 valorem
1606 1984 1857 2050 mutari
2035 1985 2249 2072 Typi.
2351 1984 2560 2070 Caput
2606 1980 2897 2048 muliebre
2938 1979 3268 2069 galeatum
3311 1979 3460 2049 ala.

326 2086 654 2171 contigit,
704 2082 927 2165 fatum
965 2092 1327 2149 commune
1348 2131 1368 2162 ,
1420 2094 1494 2146 ut
1533 2082 1853 2155 diximus,
1932 2091 2070 2148 'tum
2097 2128 2119 2162 ,
2182 2101 2344 2166 pom
2393 2081 2530 2147 ns,
2563 2084 2621 2156 x
2669 2079 2975 2148 Dioscuri
3015 2081 3251 2166 equites
3275 2126 3295 2158 ‚
3359 2081 3460 2143 iu-

324 2180 443 2246 Est
479 2200 721 2248 numus
761 2191 1081 2246 monetae
1116 2192 1477 2267 argenteae
1500 2180 1584 2243 R.
1619 2178 1853 2242 tenuis·
1921 2179 2049 2266 fra
2128 2178 2423 2242 ROMA.
2547 2174 2717 2240 Cum
2789 2176 2944 2240 aliis
3003 2177 3190 2262 typis
3247 2175 3462 2240 alium

229 2339 235 2343 .
328 2266 573 2354 limus,
650 2276 698 2339 fi
740 2276 1167 2361 praetensam
1207 2274 1523 2340 libellam
1570 2277 1852 2353 demas,
1935 2276 2268 2341 hactenus
2307 2274 2713 2357 antiquioris
2745 2270 3014 2337 formae
3043 2292 3179 2336 non
3210 2271 3459 2357 reperi.

292 2374 425 2461 ‚de
469 2391 605 2453 qua
646 2370 845 2456 supra
886 2370 1171 2457 egimus.
1937 2372 2025 2433 Et
2083 2390 2253 2435 vero
2311 2383 2387 2434 ut
2435 2370 2505 2432 in
2562 2380 2841 2432 moneta
2896 2366 3218 2433 Romana
3268 2366 3463 2432 obvii

432 2466 623 2530 Nota
652 2465 920 2528 sestertii
964 2462 1052 2526 est
1090 2463 1242 2541 118¹,
1288 2462 1599 2541 indicio,
1644 2462 1859 2549 fingu-
1932 2464 2085 2527 -sunt
2145 2465 2407 2527 denarii
2483 2475 2553 2549 et
2611 2464 2955 2548 quinarii,
3028 2464 3128 2526 ita
3189 2462 3461 2527 sestertii

328 2562 441 2628 los
477 2560 715 2627 valere
750 2559 917 2624 asses
957 2550 1132 2623 duos
1177 2568 1246 2622 et
1298 2557 1662 2637 semissem,
1743 2556 1864 2641 qui
1938 2577 2084 2622 non
2122 2558 2500 2622 admodum
2551 2556 2922 2644 parabiles.
3023 2556 3208 2622 Inter
3261 2555 3464 2621 fami-
3551 2606 3558 2613 .

338 2669 586 2744 quater
623 2656 867 2742 sumpti
900 2655 1277 2727 conficiunt
1327 2653 1708 2718 denarium.
1784 2652 1861 2716 In
1940 2654 2193 2718 liarum
2261 2672 2508 2716 numos
2576 2662 2838 2716 tantum
2898 2653 3069 2716 duos
3127 2652 3466 2716 hactenus
3589 2678 3596 2685 ·

338 2769 511 2819 noto
576 2752 914 2817 Hadriani
977 2770 1188 2817 numo
1247 2743 1566 2835 inscripto
1622 2749 1865 2814 RELI-
1942 2751 2132 2830 vidi,
2187 2769 2392 2814 unum
2431 2749 2647 2836 gentis
2682 2745 3022 2829 Cordiae,
3088 2749 3202 2834 qui
3239 2745 3467 2811 sester-

336 2850 565 2933 QVA.
616 2848 988 2914 VETERA
1034 2860 1199 2928 etc„
1270 2860 1419 2912 tum
1472 2858 1545 2910 et
1582 2849 1653 2910 in
1706 2845 1862 2910 aliis
1942 2849 2078 2911 tius
2105 2866 2208 2910 -ex
2240 2846 2544 2932 pondere
2589 2844 2933 2930 colligitur
2957 2891 2978 2924 ,
3025 2844 3318 2909 alterum
3344 2842 3473 2908 Se·

247 3025 253 3030 ,
341 2959 655 3011 veterum
699 2945 1187 3022 monumentis,
1273 2944 1603 3025 librisque
1665 2942 1865 3025 editis
1902 2935 1909 2942 ’
1946 2943 2247 3030 punine,
2299 2944 2415 3026 qui
2463 2941 2728 3026 insuper
2778 2952 3014 3005 notam
3059 2940 3270 3006 usin
3301 2957 3472 3004 non·

340 3041 652 3106 scribitur
680 3040 792 3104 HS
817 3088 838 3119 ,
909 3027 1154 3124 nempe
1205 3039 1461 3105 lineola
1507 3049 1865 3122 utramque
1947 3038 2150 3104 nullis
2184 3036 2516 3125 praefert,
2564 3036 2951 3123 habentque
2985 3049 3193 3125 typos
3225 3053 3473 3130 110an

336 3136 505 3205 arsis
556 3149 798 3203 notam
839 3136 1228 3225 colligante,
1266 3192 1271 3198 .
1325 3135 1440 3203 Sic
1485 3148 1556 3200 et
1596 3154 1721 3224 per
1746 3135 1864 3198 de·
1947 3133 2161 3222 legis,
2211 3135 2419 3201 ut-ad
2463 3132 2751 3222 singulos
2785 3135 3081 3201 dicetur„

840 3545 1131 3586 ι.-
1595 3504 2011 3603 ‘sva

1134 3711 1237 3790 va
1274 3717 1538 3783 ratione
1574 3718 1849 3778 veta-mn
1874 3703 2242 3779 marandi
2279 3705 2706 3826 insisteretis.—

376 4035 385 4044 ·
459 4004 724 4071 Numus
763 3996 1090 4068 sestertius
1133 4013 1208 4068 ut
1261 4002 1564 4091 pondere
1621 3999 1886 4090 ignobi-
1966 4002 2080 4079 lo,
2145 4013 2474 4089 quantum
2510 4003 2604 4069 ad
2639 3995 3002 4069 institutum
3051 4000 3479 4068 numismati-

360 4103 448 4167 lis
471 4150 492 4185 ,
542 4102 688 4177 ita,
736 4099 926 4184 quod
968 4101 1191 4165 omnis
1228 4099 1370 4165 sere
1413 4101 1887 4192 Romanorum
1969 4106 2123 4165 cum
2160 4099 2487 4185 pertinet}
2559 4100 3016 4166 emolumento
3054 4103 3193 4184 ejus
3237 4097 3475 4165 causas

363 4197 828 4264 numerandae
848 4197 1179 4283 pecuniae
1197 4197 1377 4262 ratio
1409 4194 1711 4262 sestertiis
1728 4215 1881 4284 per·
1957 4197 2299 4284 copiosius
2352 4198 2639 4278 rimari,
2712 4199 2897 4282 quod
2948 4197 3212 4284 pridem
3272 4196 3472 4277 vario

371 4293 748 4382 agebatur,
800 4294 1017 4377 magis
1064 4314 1272 4379 quam
1329 4293 1692 4379 denarius,
1742 4292 1885 4377 qui·
1965 4293 2251 4358 success'u
2299 4292 2687 4383 praestitere
2727 4293 2888 4373 alii,
2960 4295 3341 4380 quicunque
3386 4292 3474 4354 de

372 4392 741 4474 nariusque
780 4391 851 4453 in
889 4388 1127 4477 vulgus
1182 4388 1273 4456 est
1290 4389 1665 4477 cognitus.⁴
1712 4388 1888 4453 Eam
1965 4391 2383 4477 ponderibus
2421 4403 2728 4460 veterum
2755 4391 3134 4456 disseruere.
3232 4390 3364 4456 Hic
3404 4388 3477 4451 in

368 4488 710 4550 rationem
764 4486 899 4550 hoc
959 4485 1118 4551 loco
1165 4486 1575 4573 compendio
1634 4505 1892 4573 propo·
1968 4484 2277 4553 sestertiis
2304 4489 2706 4554 numerandi
2741 4489 2982 4553 modus
3019 4485 3150 4552 fuit
3185 4484 3473 4572 triplex:

372 4600 531 4646 nere
581 4580 772 4670 lubet
818 4579 1184 4648 stabilitam
1229 4583 1635 4649 auctoritate
1678 4594 1757 4647 et
1784 4594 1889 4645 <te-
2068 4584 2121 4652 1.
2172 4584 2246 4650 Si
2284 4587 2548 4674 legatur
2567 4585 2915 4676 sister-tius,
2965 4584 3081 4648 vel
3121 4584 3188 4647 in
3227 4578 3478 4668 plurali

376 4675 701 4742 stimoniis
732 4687 1062 4758 veterum,
1113 4681 1276 4765 quin
1297 4680 1561 4745 animus
1597 4677 1696 4759 fit,
1746 4678 1889 4744 nul·
1958 4681 2253 4773 fhstaetii,
2303 4695 2510 4767 atque
2552 4683 2728 4747 adeo
2769 4683 2841 4746 in
2884 4700 3133 4769 genere
3172 4676 3476 4743 masculi-
