4175 5450
812 488 959 566 264
1808 474 2406 557 OPEIMIA.
2509 478 2924 561 OPPIA.

1844 839 2773 944 'OPEIMIA

919 1070 1246 1158 Plebeia,
1298 1058 1581 1126 celebris
1616 1058 1697 1124 L.
1736 1060 2017 1146 Opimio
2040 1065 2338 1148 consule,
2711 1066 2915 1153 Caput
2955 1066 3234 1142 Palladis
3267 1071 3546 1156 minna,
3577 1074 3806 1164 juxta
3853 1082 3969 1162 x,

828 1193 875 1239 a
919 1187 1057 1254 quo
1093 1159 1439 1249 oppress'us
1481 1154 1556 1220 C.
1612 1154 1982 1222 Gracchus.
2703 1185 2865 1250 pone
2896 1171 3123 1253 tripus.

1119 1261 1324 1344 Caput
1364 1252 1644 1320 Palladis
1676 1252 1913 1320 alatum
1932 1300 1956 1336 ‚
1991 1256 2199 1341 juxta
2232 1255 2338 1336 X,
2422 1259 3170 1349 M.0PE1M1.Ap0u0
3232 1286 3447 1331 arcum
3493 1268 3832 1340 intendens
3891 1276 3968 1339 i-

989 1402 1001 1420 .
1106 1374 1311 1444 pone
1306 1371 1558 1418 corona.
2303 1341 2330 1372 ⁶
2418 1356 2562 1420 citis
2598 1357 2816 1441 bigis,
2864 1360 3044 1445 infra
3078 1362 3376 1431 ROMA.
3480 1366 3627 1428 AR.
3678 1368 3770 1430 R.

818 1451 1300 1528 1..0PELM1.
1358 1448 1651 1515 Victoria
1683 1449 1752 1512 in
1779 1448 1925 1516 citis
1958 1445 2333 1536 quadrigis,
2517 1450 2746 1521 OPEI.
2786 1488 2863 1503 -
2933 1453 3015 1522 L.
3046 1455 3364 1525 ΟΡΕΙΜ.
3413 1491 3508 1507 --
3558 1462 3663 1524 M.
3701 1461 3960 1527 OPEI.

816 1558 887 1622 in
919 1554 1044 1621 imo
1075 1548 1371 1620 ROMA.
1466 1544 1621 1620 AR.
1657 1544 1741 1611 R.
2159 1592 2175 1609 .
2411 1548 2484 1613 in
2518 1547 2800 1635 assibus,
2847 1551 3252 1635 semissihuS,
3302 1556 3847 1641 quadrantibus.
3865 1562 3960 1629 R.

2075 1834 2149 1911 Ο
2200 1831 2279 1915 Ρ
2324 1832 2401 1914 Ρ
2442 1834 2494 1913 1
2536 1834 2642 1916 A.

898 2047 1095 2112 ‚Gens
1139 2039 1436 2131 plebeia.
1538 2033 1968 2124 Cognomina
2015 2034 2236 2122 Capito
2259 2049 2330 2102 et
2410 2037 2573 2101 dum
2597 2084 2618 2116 ‚
2670 2054 2848 2122 quae
2896 2034 3112 2120 adeo,
3161 2038 3322 2174 inqbu
3280 2040 3434 2119 uit,
3482 2037 3957 2113 frumentatio

813 2145 1173 2214 Salinator
2405 2132 2515 2197 his
2554 2136 2774 2198 numis
2816 2134 3222 2200 celebratur
3302 2134 3332 2219 )
3401 2139 3657 2204 Verum
3693 2161 3796 2204 an
3832 2164 3949 2208 ne·

1373 2284 1406 2318 ¹,
1731 2280 1769 2315 ¹,
2249 2216 2267 2234 ”
2411 2231 2581 2294 ceffe
2619 2228 2708 2292 est
2737 2228 2883 2314 post
2915 2242 3023 2293 tot
3057 2232 3380 2319 exempla
3430 2237 3954 2324 comprobare,

819 2338 1061 2424 Gap-50
2414 2324 2622 2424 stante
2661 2347 2808 2410 rep.
2861 2341 3262 2414 perpetuum
3338 2351 3406 2400 ez
3455 2329 3601 2394 fere
3653 2335 3949 2398 unicum

914 2435 1016 2496 M.
1058 2426 1402 2497 OPPIVS.
1445 2421 1808 2490 CAPITO.
1844 2421 2168 2491 PROPR.
2192 2422 2329 2485 PR.
2412 2423 2481 2485 in
2525 2435 2803 2514 moneta
2834 2425 2918 2486 R.
2970 2442 3186 2487 aenea
3227 2424 3417 2489 fuiss'e
3469 2438 3719 2512 typum
3776 2451 3950 2515 pro-

808 2528 1093 2594 C.LAS
1121 2527 1199 2589 F.
1254 2524 1335 2599 Ο.
1375 2524 1445 2586 in
1521 2521 1748 2583 aeneis
1825 2519 1935 2592 Μ
1976 2520 2257 2584 Antonii
2313 2564 2333 2594 ‚
2413 2538 2563 2582 ram
2588 2521 2839 2591 navis?
2889 2518 3004 2581 nifi
3047 2520 3334 2593 velimus
3369 2523 3725 2602 adserere,
3785 2544 3942 2590 om·

819 2645 997 2709 quos
1042 2623 1203 2688 vide
1252 2618 1615 2686 illustratos
1655 2617 1729 2678 in
1787 2604 2067 2679 moneta
2135 2615 2333 2699 hujus
2413 2615 2613 2678 nibus
2653 2616 2776 2690 ιίε,
2831 2634 3115 2697 quorum
3149 2620 3335 2680 numi
3388 2619 3619 2681 navim
3661 2619 3943 2700 sistunt,

814 2721 1072 2787 Inviti.
1674 2728 1705 2754 ⁶
2417 2711 2679 2795 aliquid
2717 2712 2784 2773 in
2831 2711 3290 2793 remaritima
3323 2712 3514 2777 fuiss'e
3551 2715 3946 2780 demanda·

1384 2864 1419 2899 „
1486 2822 1489 2831 ’
1561 2810 1592 2845 ”
1741 2859 1774 2894 ,
2411 2820 2582 2870 tum.
2679 2807 2886 2888 Quod
2925 2819 3155 2870 tamen
3200 2829 3442 2872 numos
3500 2809 3629 2874 hos
3682 2814 3937 2876 malim

819 2913 1177 2981 Salinator.
1600 2917 1629 2943 ⁶
2149 2976 2162 2991 .
2409 2904 2637 2987 potius
2673 2903 2853 2988 genti
2888 2902 3158 2987 Oppiae
3185 2905 3522 2981 tribuere,
3574 2908 3644 2967 in
3722 2912 3939 2973 causa

1105 3008 1319 3099 Caput
1340 3006 1492 3071 Iani
1528 3002 1787 3087 gemini.
2408 2997 2494 3061 est
2529 3017 2944 3083 praenomen
2981 2997 3256 3078 Lucius,
3305 3022 3438 3086 quo
3480 2953 3750 3086 saepius
3783 3004 3936 3089 Op-

818 3106 899 3174 C.
946 3102 1212 3167 CASSI.
1245 3102 1325 3165 L.
1360 3098 1648 3162 SALIN.
1701 3097 1941 3164 Prora
1942 3088 2179 3175 navis,
2228 3099 2330 3161 eui
2403 3095 2600 3178 pios,
2650 3114 2994 3177 nunquam
3034 3093 3291 3159 Livios
3305 3097 3731 3160 salinatores
3773 3101 3942 3165 usos

810 3203 1219 3291 instriptum:
1266 3196 1452 3262 DSS.
1554 3194 1697 3257 ΛΕ.
1744 3197 1825 3256 11.
1879 3194 2029 3258 RR.
2404 3191 2633 3255 video.
2737 3188 2999 3255 Iudicia
3047 3211 3089 3253 a
3142 3194 3351 3255 variis
3391 3195 3473 3254 de
3536 3194 3936 3283 epigraphe

772 3322 785 3327 ·
915 3296 1309 3382 Cognomen
1327 3290 1742 3358 SALINator
1779 3289 1866 3351 ad
1896 3287 2089 3352 binas
2113 3285 2327 3372 potest
2403 3285 2570 3381 DSS
2604 3286 2792 3351 lata
2774 3306 2843 3349 m
2894 3284 3124 3352 Cassia
3166 3288 3515 3373 propofita
3562 3291 3752 3356 vide.

813 3407 1043 3481 gentes
1081 3391 1457 3476 pertinere,
1533 3387 1805 3451 Liviam
1856 3395 1923 3447 et
1976 3386 2332 3470 Oppiam,
2958 3431 2994 3465 4,

810 3488 969 3553 teste
1009 3488 1250 3565 Livio,
1303 3492 1359 3565 ⁸)
1404 3491 1733 3568 praetores
1782 3521 1806 3532 -
1859 3519 1889 3533 ·
1943 3520 1976 3537 -
2027 3486 2221 3546 creati
2252 3483 2322 3549 C.
2409 3481 2648 3566 Oppius
2691 3480 2981 3542 incertus.

816 3584 1033 3653 Livius
1056 3632 1076 3663 ,
1127 3593 1186 3648 et
1221 3584 1298 3649 L.
1337 3583 1575 3667 Oppius
1599 3628 1617 3658 ,
1665 3582 1915 3665 utrique
1945 3597 2152 3642 eorum
2169 3578 2321 3644 SA·
2696 3574 2898 3658 Caput
2936 3573 3240 3660 Veneris,
3304 3578 3374 3640 in
3418 3576 3736 3644 nounuffis
3758 3605 3948 3668 pon

809 3680 1232 3750 LINATOR
1275 3697 1652 3764 cognomen..
1772 3677 2023 3739 Mirum
2104 3676 2281 3738 adeo
2300 3721 2321 3752 ‚
2692 3674 3116 3754 capricornus.

810 3790 956 3843 tam
997 3774 1418 3840 confidenter
1453 3774 1630 3836 hunc
1670 3791 1946 3836 numum
1977 3770 2162 3855 genti
2200 3770 2311 3832 Li·
2403 3766 2486 3849 Ω,
2520 3765 2860 3828 OPPIVS.
2915 3766 3054 3829 PR..
3115 3767 3402 3833 Victoria
3461 3769 3782 3854 gradiens
3867 3776 3944 3844 d.

809 3875 966 3938 viae
1002 3893 1045 3937 a
1074 3871 1415 3956 plerisque
1467 3869 1867 3951 adjudicari.
2000 3865 2126 3927 His
2165 3883 2324 3929 con·
2401 3861 2731 3946 oblongum
2773 3861 3021 3945 palmae
3070 3884 3315 3928 ramum
3360 3868 3548 3951 siper
3611 3869 3891 3938 humero
3918 3921 3946 3954 ,

681 4036 685 4040 ,
806 3971 1055 4034 trarius
1133 3968 1647 4049 Havercampus
1692 3974 1957 4072 gentem
2016 3962 2319 4044 Oppiam
2381 3961 2445 4045 s.
2472 3970 2764 4042 pateram
2775 3957 3093 4045 frugibus
3124 3961 3424 4047 ufir-tam
3481 3973 3666 4028 emt.
3775 3970 3958 4035 AB:

808 4066 1053 4129 maluit
1087 4064 1402 4127 suadente
1429 4068 1602 4147 typo
1640 4060 1859 4124 navia.
1959 4057 2139 4119 Nam
2174 4075 2319 4141 per·
2397 4053 2491 4121 11.
2548 4053 2624 4123 C.

807 4161 1082 4225 hibente
1125 4159 1325 4223 Livio
1380 4157 1464 4233 L,
1510 4156 1778 4242 Oppius
1829 4150 2182 4216 Salinator
2235 4153 2317 4216 V.
2493 4148 2603 4215 Ex
2637 4152 3099 4244 Havercampi
3132 4152 3457 4217 sententia
3492 4153 3744 4220 literae
3777 4159 3942 4226 PR.

809 4256 885 4323 C.
928 4259 1062 4341 561
1091 4255 1314 4319 miss'us
1352 4251 1440 4318 est
1474 4273 1628 4317 cum
1662 4248 1855 4314 class‘e
1881 4249 1969 4312 ad
1990 4247 2316 4310 tuendam
2398 4247 2724 4332 legendae
2766 4248 2909 4312 runt
2956 4248 3384 4335 PRaefectus,
3433 4249 3702 4336 fuitque
3739 4256 3946 4321 adeo

803 4354 1076 4418 Siciliae
1114 4371 1353 4430 oram,
1402 4361 1469 4413 et
1496 4347 1906 4412 frumentum
1937 4341 2318 4407 convehen-
2400 4340 2488 4425 Ω
2547 4342 2815 4443 Oppius
2875 4363 2962 4407 ex
3030 4358 3189 4408 octo
3241 4345 3611 4430 praefectis
3703 4371 3949 4431 ιιιιιιε,

858 4570 914 4635 a)
948 4567 1015 4622 L.
1050 4560 1300 4619 XXXV.
1333 4579 1381 4622 ι.
1417 4573 1505 4628 ²⁴·
1682 4556 1752 4626 h)
1789 4557 1924 4630 Pag.
1958 4569 2081 4630 245.

4091 2425 4106 2576 ---
4097 2281 4110 2392 ...a-
