4175 5450
1671 605 2308 740 FONTEM.

406 817 542 887 hoc
582 819 854 908 quidem
895 817 1054 885 loco
1095 829 1504 907 opportune,
1557 840 1692 905 quo
1730 818 1930 884 nobis

407 920 827 1004 geminatum
865 921 1028 982 item
1071 929 1280 1004 caput
1325 915 1649 996 offertur,
1713 917 1931 1001 inqui-

390 1034 590 1096 rere,
645 1036 822 1102 quae
850 1014 972 1077 lint
1007 1034 1170 1078 vere
1206 1014 1357 1078 Iani
1412 1014 1645 1099 capita
1684 1026 1926 1101 putan-
1993 1014 2333 1098 palaverat
2358 1062 2377 1093 ,
2429 1015 2742 1079 Saturnia
2775 1033 2967 1098 usque
2997 1035 3159 1079 nunc
3199 1017 3294 1107 est.

3378 640 3532 712 '215

2007 787 2299 885 Saturno
2345 817 2566 884 dixit:
2621 809 2676 896 ⁸¹)
2725 813 2988 895 Mons‚·
3033 819 3209 908 quim
3260 821 3518 890 incolue-

2003 928 2115 982 rat
2138 965 2157 994 ,
2211 918 2562 983 Saturnius
2592 916 2796 981 dictus
2817 964 2836 993 ‚
2890 919 3113 982 civitas
3136 966 3156 996 ‚
3208 940 3396 1005 quam
3417 921 3516 987 de-

3396 1022 3513 1082 At.

401 1113 498 1178 da
516 1128 555 1192 ‚‘
589 1124 658 1176 et
691 1132 869 1197 quae
902 1116 1043 1191 iure
1099 1112 1299 1174 aliter
1350 1112 1575 1197 accipi
1624 1111 1879 1198 possint
1907 1155 1929 1187 ‚
2004 1112 2122 1193 qui
2157 1122 2225 1172 et
2264 1109 2501 1173 Ianum
2547 1108 2888 1172 Arnobius
2937 1111 3093 1175 loco
3147 1112 3349 1201 supra
3389 1115 3514 1179 ἣἰῐι.

392 1209 846 1296 debeantque.

493 1308 646 1371 Iam
717 1308 1015 1393 primum
1065 1317 1322 1368 certam
1411 1303 1563 1367 Iani
1622 1300 1921 1389 effigiem

394 1401 891 1489 investigemus,
914 1404 1083 1466 Eam
1107 1401 1236 1464 fine
1261 1400 1472 1465 dubio
1490 1397 1917 1472 mani-festam

405 1500 703 1565 offerunt
738 1500 904 1564 asses
941 1499 1141 1583 hujus
1195 1498 1352 1562 aevi
1393 1495 1776 1575 domestici,
1850 1497 1922 1559 in

399 1616 691 1683 quorum
740 1608 939 1682 parte
978 1597 1209 1676 antica
1255 1592 1559 1662 effictum
1617 1593 1744 1655 esse
1808 1593 1915 1655 Ia-

373 1712 557 1758 'num
609 1740 630 1771 ,
709 1693 912 1757 altius
974 1691 1386 1777 gravissimis
1440 1691 1912 1753 Romanorum

391 1787 790 1855 testimoniis
837 1786 1280 1854 stabilivimus
1301 1836 1320 1865 ‚
1343 1782 1408 1870 ει)
1462 1786 1703 1871 quibus
1725 1785 1911 1848 addo

368 1887 601 1951 ⁴etiam
636 1885 955 1950 denarios
988 1886 1204 1971 gentis
1227 1885 1498 1948 Furiae.
1598 1881 1914 1947 Offerunt

291 1999 304 2012 ·
389 2001 627 2049 omnes
710 1982 784 2045 hi
848 1983 1036 2048 numi
1085 1993 1294 2065 caput
1351 1979 1690 2066 geminum
1722 2028 1745 2062 ,
1844 1989 1914 2041 et

386 2092 747 2162 utrumque
782 2079 1052 2163 prolixe
1115 2076 1482 2140 barbatum
1511 2123 1533 2155 ,
1600 2077 1906 2161 illudque

384 2177 598 2241 variis
662 2174 915 2255 modis*
950 2185 1379 2238 exornatum.
1494 2173 1904 2253 Plerumque

364 2271 555 2334 ·illud
586 2285 847 2333 corona
892 2271 1133 2332 laurea
1170 2263 1420 2332 ambit.
1535 2270 1853 2330 Dicerem
1881 2312 1902 2344 ,

383 2366 648 2431 factum
684 2361 853 2427 istud
889 2375 1296 2449 propterea,
1368 2363 1554 2443 quod
1606 2379 1906 2425 coronae

379 2462 576 2527 fuisse
610 2463 941 2525 inventor·
965 2458 1350 2540 ferebatur,
1401 2447 1469 2541 ¹³)
1537 2455 1653 2520 nisi
1711 2455 1905 2518 obvi-

364 2579 501 2625 ·um
546 2557 717 2621 istud
747 2556 907 2619 esset
941 2558 1293 2620 variorum
1324 2556 1673 2643 numinum
1708 2572 1907 2616 orna-

379 2667 711 2720 mentum.
808 2653 1149 2717 Lunulam
1195 2647 1413 2715 habet
1456 2664 1748 2737 utroque
1790 2668 1901 2712 ca·
1968 2730 1973 2735 .

242 2762 245 2769 ’
354 2755 521 2841 pite
557 2754 1042 2838 interceptam,
1092 2749 1275 2814 forte
1324 2749 1529 2827 ideo,
1581 2749 1746 2833 quia
1802 2749 1905 2829 ju.

342 2850 566 2913 -dicio
600 2848 948 2926 Fronteii‚
1001 2867 1202 2931 quem
1256 2859 1609 2911 auctorem
1660 2845 1904 2910 laudat

377 2938 793 3009 Laurentius
822 2943 1061 3029 Lydus
1083 2993 1102 3024 ,
1152 2942 1210 3026 ⁰)
1261 2942 1467 3007 Ianus
1503 2940 1638 3007 fuit
1674 2938 1901 3026 ἔφορος

376 3063 448 3109 τε
500 3062 725 3121 παντος
757 3061 941 3125 χρονε
963 3088 983 3118 ,
1026 3041 1279 3129 praeses
1333 3039 1601 3127 universi
1654 3047 1896 3123 tempo-

372 3141 512 3218 ris,
563 3139 678 3204 vel
715 3138 919 3221 quia,
970 3150 1046 3201 ut
1081 3139 1263 3201 idem
1304 3137 1545 3223 paullo
1597 3134 1780 3200 infra
1810 3157 1897 3201 ex

370 3237 819 3299 Praetextato
849 3232 1095 3313 refert,
1148 3232 1520 3314 creditum,
1598 3233 1725 3297 ess'e
1789 3232 1896 3297 Ia-

368 3352 538 3395 num
579 3331 825 3412 δυναμιν
860 3350 989 3394 τινα
1031 3330 1133 3409 ἐφ’
1166 3332 1459 3416 ἑκατερας
1525 3322 1712 3414 &pactu
1796 3349 1891 3392 τε-

376 3443 714 3507 ταγμενην,
765 3444 871 3488 και
907 3444 1019 3501 τας
1050 3427 1359 3507 θειστερας·
1394 3420 1614 3502 ψυχας
1653 3421 1747 3483 ἐπι
1790 3441 1896 3486 τον
1944 3495 1959 3501 ἱ

374 3523 732 3599 σεληνιακον
775 3537 960 3604 χορον
997 3511 1363 3599 ἁποπεμπεεν
1381 3566 1404 3600 ,
1452 3519 1578 3580 vim
1621 3515 1897 3600 aliquam

366 3616 630 3706 pofitam
653 3614 859 3700 juxta
878 3623 1208 3699 utramque
1246 3612 1455 3700 ursam
1475 3658 1496 3689 ‚
1532 3631 1749 3698 aqua
1792 3612 1894 3676 di.

369 3714 646 3778 viniores
680 3712 927 3775 animae
964 3710 1050 3775 ad
1080 3709 1359 3775 lunarem
1404 3718 1637 3774 coetum
1692 3708 1889 3774 dedu-

373 3806 621 3875 cu'ntur.
724 3808 800 3870 In
830 3806 1089 3879 assibus
1132 3807 1309 3870 Iunii
1340 3804 1597 3884 Silani,
1650 3820 1718 3870 et
1772 3806 1890 3869 Ti·-

366 3907 530 3970 turii
568 3903 919 3987 utriusque
977 3903 1224 3990 capitis
1265 3902 1517 3966 cer-vici
1548 3900 1743 3966 infixi
1766 3896 1888 3988 pa‘-

363 4003 415 4065 li
453 4001 973 4088 conspiciuntur,
1026 4019 1164 4086 qua
1202 4000 1498 4084 imagine
1532 3997 1892 4084 significari

366 4099 632 4183 poss'unt
665 4109 787 4162 aut
844 4096 1161 4182 descripti
1232 4094 1628 4160 condendae
1696 4095 1883 4160 urbis

360 4194 573 4272 since,
624 4194 696 4256 in
740 4213 1029 4277 quorum
1063 4195 1290 4257 locum
1333 4189 1538 4253 serius
1578 4184 1886 4256 successit

268 4312 275 4319 ·
364 4289 579 4354 sulcus
622 4296 637 4309 “
669 4302 900 4354 aratro
952 4291 1190 4354 ductus
1214 4290 1446 4372 ,saut
1490 4283 1653 4350 urbs
1700 4287 1882 4374 palis

358 4385 689 4449 adversus
745 4387 887 4450 vim
929 4385 1304 4450 externam'
1348 4383 1653 4461 munita,
1742 4403 1879 4469 quo

360 4483 579 4547 modo
641 4482 1104 4547 Tertullianus
1170 4500 1443 4567 quoque
1528 4498 1735 4564 agens
1795 4479 1882 4542 de

2002 1206 2234 1269 dicato
2295 1206 2582 1268 Ianiculi
2632 1206 2874 1290 oppidi
2931 1209 3352 1275 conditorem
3414 1213 3513 1276 di·

1997 1302 2122 1365 xit.
2222 1302 2300 1364 In
2335 1301 2487 1365 aliis
2529 1300 2785 1365 assibus
2858 1306 2999 1387 ejus
3046 1317 3255 1391 caput
3305 1309 3512 1396 gemi.

1995 1418 2156 1460 num
2195 1400 2444 1484 tegitur
2480 1397 2704 1485 pileo,
2757 1399 2944 1463 velut
2981 1400 3050 1463 in
3097 1414 3291 1486 gente
3350 1402 3510 1469 Cass-

1995 1492 2125 1573 fia,
2175 1494 2291 1557 vel
2319 1494 2723 1580 protuberat
2763 1496 2925 1578 quid
2961 1495 3145 1576 flori,
3195 1496 3374 1564 forte
3406 1501 3508 1566 lo-

1992 1602 2109 1668 to,
2162 1590 2368 1665 [imile
2392 1639 2412 1671 ,
2463 1603 2536 1653 ut
2573 1591 2644 1655 in
2676 1591 2997 1658 Cornelia
3028 1592 3509 1679 Lentulorum,

1990 1686 2107 1752 vel
2148 1686 2329 1750 obeli
2415 1688 2755 1772 quaedam
2821 1688 3074 1773 species
3152 1703 3511 1780 utrumque

1995 1796 2203 1870 caput
2250 1784 2517 1862 dividit,
2571 1805 2748 1869 quae
2786 1786 3060 1869 quidem
3100 1785 3353 1873 lingula
3394 1812 3507 1856 ex·

1991 1881 2249 1966 plicare
2288 1902 2425 1946 non
2471 1893 2700 1960 tento,
2752 1901 2905 1944 cum
2957 1880 3244 1960 constet,
3300 1904 3506 1967 quam

1991 1979 2230 2056 varia,
2285 1990 2353 2042 et
2384 1976 2674 2041 absurda
2708 1979 2793 2040 de
2839 1978 3008 2040 Iano
3038 1977 3155 2040 suo
3200 1980 3511 2046 docuerit

1978 2074 2314 2138 ,Romana
2349 2071 2758 2158 superstitio,
2825 2073 3086 2137 tametsi
3125 2075 3310 2159 quod
3351 2078 3513 2140 obe-

1988 2171 2095 2235 lus
2143 2169 2296 2235 aliis
2337 2171 2643 2254 videtur,
2694 2170 2882 2234 aliud
2941 2168 3121 2235 forte
3166 2193 3304 2236 non
3353 2171 3506 2256 ἐῶ,

1993 2286 2199 2351 quam
2238 2280 2404 2332 nota
2443 2266 2629 2358 assis,
2683 2287 2860 2350 quae
2895 2265 3095 2354 saepe
3132 2270 3203 2333 in
3236 2269 3369 2335 hoc
3388 2291 3505 2336 nu·

1994 2381 2260 2423 morum
2348 2382 2590 2446 genere
2668 2363 2820 2426 Iani
2907 2365 3117 2450 capiti
3173 2368 3502 2434 imminet.

1992 2456 2192 2518 Hanc
2225 2457 2375 2519 Iani
2419 2453 2717 2541 effigiem
2775 2477 2863 2520 ex
2926 2462 3188 2539 numia,
3257 2475 3333 2524 ut
3395 2483 3505 2527 res

1989 2551 2222 2638 palam
2268 2555 2475 2617 docet
2503 2601 2523 2633 ,
2576 2566 2852 2639 captam
2895 2553 3095 2639 saepe
3157 2557 3507 2622 veteribus

1985 2650 2279 2713 lucernis
2307 2649 2623 2716 insertam
2665 2652 3022 2731 videmu3‚
3114 2670 3191 2716 ut
3255 2653 3506 2718 docent

1985 2748 2304 2813 lucernae
2360 2749 2745 2833 complures
2775 2769 2822 2812 a
2919 2749 3216 2815 Pass'erio
3268 2750 3504 2838 vulga-

1981 2856 2123 2911 tae,
3109 2904 3116 2911 .

2079 2942 2343 3006 Eadem
2389 2943 2539 3006 Iani
2573 2942 2804 3031 imago
2838 2992 2857 3022 ,
2911 2964 3115 3027 quam
3139 2946 3369 3029 ‘modo
3417 2965 3505 3010 ex

1979 3039 2203 3103 numis
2236 3040 2569 3104 Romanis
2604 3040 3062 3128 descripsimus
3090 3088 3110 3119 ‚
3161 3042 3346 3106 haud
3381 3044 3499 3106 du·

1977 3134 2093 3200 bie
2127 3138 2335 3200 etiam
2376 3138 2448 3200 in
2500 3136 2859 3201 nonnullos
2897 3140 3259 3202 commatis
3307 3158 3495 3224 pere·

1976 3233 2152 3319 grini
2194 3253 2437 3299 numos
2469 3235 2808 3318 migravit.
2910 3236 2988 3298 In
3038 3236 3385 3300 volumine
3439 3236 3497 3305 1.
3563 3228 3570 3233 ’

1975 3329 2173 3410 hujus
2206 3331 2434 3415 operis
2476 3350 2632 3415 pag.
2703 3341 2848 3411 234
2911 3332 3137 3416 plures
3194 3332 3495 3416 produxi

1973 3443 2220 3487 numos
2262 3443 2559 3501 aeneos»,
2609 3426 2680 3487 in
2718 3443 3008 3507 quorum
3046 3428 3275 3501 antica
3322 3426 3489 3493 simi-

1975 3518 2041 3582 le
2113 3531 2470 3605 comparet
2509 3531 2717 3605 caput
2751 3519 3210 3605 duplicatum,
3285 3523 3489 3603 quale

1976 3600 2186 3677 modo
2232 3617 2304 3678 in
2342 3615 2600 3678 assibus
2621 3617 2953 3678 Romanis
2994 3615 3489 3701 conspeximus.

1972 3708 2103 3773 Illo
2146 3730 2417 3795 quoque
2477 3710 2790 3781 exhiberi
2842 3712 3081 3775 Ianum
3116 3757 3136 3790 ,
3205 3711 3488 3778 dubium

1972 3826 2109 3869 non
2148 3807 2440 3871 videtur.
2539 3808 2720 3873 Nam
2750 3820 3228 3896 praeterquam
3300 3812 3489 3897 quod

1970 3902 2336 3967 barbatum
2388 3915 2747 3990 utrumque
2789 3902 2900 3984 est,
2943 3907 3332 3972 Romanum
3365 3929 3483 3973 nu-

1969 4020 2126 4063 men
2161 4000 2565 4085 persuadent
2621 4002 2830 4065 etiam
2883 4003 3204 4090 inscripta
3268 4006 3483 4091 magi·
3553 3998 3556 4003 ⁶

1963 4094 2284 4160 stratuum
2321 4099 2786 4162 Romanorum
2835 4101 3154 4179 nomina,
3208 4103 3323 4187 qui
3361 4102 3481 4165 ad-

1964 4213 2050 4256 eo
2103 4190 2540 4257 domesticum
2584 4194 2766 4257 suum
2811 4216 3054 4259 numen
3086 4198 3154 4260 in
3183 4217 3473 4275 numos.

1965 4307 2139 4372 quos
2176 4290 2501 4353 Panormi
2565 4288 2756 4354 fuisse
2815 4291 3103 4378 signatos
3170 4293 3475 4359 dubitai

1962 4386 2082 4448 vix
2128 4386 2313 4470 poss'e
2373 4387 2712 4463 diximuS,
2783 4387 3149 4455 intulerint.
3296 4314 3472 4499 Εεὲ-

1965 4481 2120 4543 dem
2162 4484 2487 4567 geminati
2527 4485 2773 4569 capitis
2809 4481 3104 4549 formam
3139 4483 3472 4599 habemup

345 4625 3469 4679 --—--—-———---—-—-——--—--—---—-.

420 4691 487 4759 a>
526 4690 658 4763 Pas·
700 4706 782 4757 14·
878 4700 885 4709 ·
950 4692 1011 4763 b>
1045 4662 1173 4760 1...

1365 4695 1416 4761 e)
1453 4680 1598 4767 Περι
1632 4696 1837 4763 μηνων
1874 4690 1969 4747 tub
2002 4693 2305 4779 lanuarse.
2335 4712 2391 4750 e.

2568 4694 2640 4765 .d)
2678 4698 2736 4748 in
2771 4694 3014 4769 Apolog‚
3051 4712 3097 4751 c.
3127 4666 3220 4752 =10.
3250 4778 3274 4819 ³
