4175 5450
715 536 854 611 246
922 533 932 541 “

708 729 939 818 sfiens.
1037 722 1182 788 ΛΕ.
1238 725 1286 786 1.
1336 721 1422 787 R.
1580 762 1587 768 -

936 874 943 878 .
994 819 1240 905 'Capita
1256 818 1489 904 similia
1504 817 1751 903 jugata
1770 863 1791 898 ‚
1840 820 1910 882 in
1942 816 2246 883 nonnullis

1007 936 1169 1002 pone
1201 917 1388 980 litera
1423 913 1757 1000 alphabeti.

727 1015 805 1083 C.
858 1010 1167 1078 CENSO.
1217 1012 1506 1098 Desultor
1553 1013 1752 1096 capite
1794 1009 2029 1097 pileato
2078 1009 2245 1096 binis

719 1115 891 1198 equis
924 1113 1117 1175 citato
1165 1108 1343 1188 cursu
1416 1111 1693 1171 invectus
1712 1154 1731 1185 ,
1807 1108 1987 1188 infra
2056 1127 2245 1191 equos

701 1210 847 1295 J‘am
891 1214 1076 1270 notae
1116 1200 1571 1288 arithmeticae,
1606 1204 1751 1290 jam
1782 1202 1997 1268 literae
2024 1199 2238 1287 alpha·

722 1303 890 1388 beti,
925 1303 1070 1387 jam
1107 1300 1587 1389 minutafigiffa.
1696 1302 1840 1362 AR.
1891 1298 1968 1363 C.

1018 1397 1217 1479 Caput
1245 1396 1521 1480 juvenile
1556 1393 1972 1460 diadematum
2013 1396 2227 1459 cincin-

1012 1493 1115 1556 nis
1150 1495 1496 1578 inrocciput
1532 1502 1703 1557 recta
1741 1489 2167 1577 pendentibus.

725 1588 803 1657 C:
850 1587 1259 1653 CENSORI.
1309 1592 1533 1675 Equus
1574 1592 1767 1653 citato
1818 1587 2037 1672 cursu,
2121 1606 2239 1669 per

725 1707 938 1752 aream
981 1695 1165 1750 notae
1207 1683 1664 1763 arithmeticae,
1748 1694 1863 1750 aut
1914 1684 2244 1759 variantia

716 1786 960 1849 minuta
981 1781 1233 1870 figimur
1314 1782 1458 1845 AR.
1510 1779 1587 1845 C.
1676 1793 1685 1802 ·

822 1875 830 1884 ’
1009 1878 1211 1961 Caput
1245 1876 1551 1961 ApoUim's
1583 1875 1748 1942 laur.

720 1975 804 2041 L.
857 1973 1234 2039 CENSOR.
1267 1965 1517 2039 Silenus
1534 1976 1716 2061 stans
1754 1971 1816 2041 d.
1856 1971 2020 2038 elata
2069 1971 2235 2058 refe·

721 2083 820 2140 cto
864 2074 995 2159 post
1031 2080 1279 2154 tergum
1309 2082 1450 2136 atre
1470 2119 1490 2149 ,
1534 2091 1696 2156 pone
1746 2071 2090 2149 columella,
2143 2070 2248 2133 cui

700 2171 1104 2259 fimulacrum
1139 2169 1364 2258 insistit.
1463 2168 1615 2229 AR.
1661 2166 1740 2233 C.

768 2289 774 2296 ·
820 2265 898 2328 C.
938 2260 1249 2326 MARCI.
1292 2262 1370 2327 L.
1406 2262 1482 2326 F.
1509 2260 1984 2325 CENSORIN.
2023 2259 2238 2327 AVG.

716 2358 1004 2424 II-IVIR.
1056 2363 1139 2426 A.
1182 2364 1263 2421 A.
1314 2364 1393 2421 A.
1450 2358 1653 2425 F.·F.
1703 2361 1784 2423 in⁴
1828 2360 2033 2424 aeneis
2093 2358 2239 2424 Au-

713 2459 878 2544 gusti
916 2456 973 2519 I.
1033 2465 1091 2518 et
1133 2456 1235 2520 II.
1254 2454 1539 2541 formae.
1644 2452 1724 2521 C.
1820 2467 1827 2476 '

816 2549 1107 2615 Illustres
1138 2551 1210 2613 hi
1264 2553 1452 2614 numi
1495 2550 1683 2636 digni
1744 2549 1938 2630 sane,
1992 2552 2235 2634 quibus

714 2646 984 2734 longius
1023 2641 1484 2712 immoremur.

820 2745 1025 2808 Numi
1064 2744 1117 2808 1.
1151 2743 1307 2807 loco
1357 2744 1551 2829 politi
1607 2743 1932 2807 exhibent
2005 2745 2240 2828 capita

712 2840 982 2905 Numae
1024 2840 1345 2925 Pompilii
1390 2853 1460 2903 et
1493 2843 1663 2905 Anci
1716 2842 1964 2902 Marcii
2004 2860 2235 2923 regum

708 2939 972 3001 additis
1008 2934 1159 3019 ipfis
1193 2936 1603 3000 nominibuS.
1702 2936 1964 2999 Eadem
2005 2936 2236 2997 suntin

715 3050 927 3094 numo
968 3031 1095 3109 ΙΙ.,
1149 3029 1288 3091 niii'
1356 3033 1541 3112 quod
1620 3030 1849 3094 desunt
1929 3034 2232 3096 nomina.

720 3126 1005 3191 Gentem
1041 3125 1377 3187 Marciam
1414 3126 1692 3189 voluiss'e
1748 3126 1961 3188 videri
2024 3145 2233 3211 genus

716 3221 911 3299 suum
937 3219 1028 3282 ab
1062 3222 1253 3281 Anco
1299 3222 1567 3285 Marcio
1604 3222 1721 3287 IV.
1762 3222 2232 3285 Romanorum

636 3394 643 3405 Ι
713 3337 871 3402 rege
915 3314 1293 3394 deducere,
1348 3317 1605 3380 constat
1630 3319 1925 3402 primum
1960 3338 2044 3381 ex
2079 3337 2231 3383 ora·

690 3412 909 3483 uene
943 3408 1215 3474 funebri
1257 3401 1312 3477 I.
1357 3410 1705 3493 Caesaris,
1756 3433 1890 3497 qua
1924 3416 1983 3477 is
2035 3415 2231 3480 diser-

718 3509 806 3571 tis
846 3506 1076 3572 verbis
1120 3507 1408 3587 adserit,
1475 3522 1549 3573 ut
1614 3507 1703 3571 est
1759 3513 1943 3595 apud
1996 3510 2232 3575 Sueto·

664 3662 667 3667 .
715 3603 942 3670 niumz
993 3602 1056 3686 ⁸)
1108 3602 1336 3670 amitae
1380 3626 1546 3671 meae
1618 3606 1821 3672 Iuliae
1886 3618 2236 3673 maternum

709 3718 919 3784 genus
977 3697 1063 3766 ab
1117 3700 1375 3785 regibus
1460 3712 1668 3771 ortum
1719 3740 1743 3752 -
1801 3741 1822 3754 ·
1876 3741 1903 3754 -
1952 3720 2098 3769 nam
2149 3705 2231 3770 ab

714 3796 898 3862 Anco
937 3787 1188 3861 Marcio
1211 3797 1371 3882 sunt
1403 3801 1643 3863 Marcii
1673 3797 1914 3884 Reges,
1965 3823 2084 3887 quo
2124 3822 2231 3865 no·

640 3967 645 3973 ¹
714 3894 876 3957 mine
885 3892 1027 3979 fuit
1063 3900 1283 3956 mater.
1386 3894 1652 3958 Deinde
1687 3915 1771 3957 ex
1808 3894 2227 3962 Val.·Maxi-

713 4008 875 4066 mo,
912 3977 978 4069 b)
1031 4000 1097 4050 et
1144 4008 1230 4051 ex
1262 3990 1558 4070 Ovidio,
1629 3994 1813 4072 cujus
1860 3989 2226 4055 testimoni·

714 4103 828 4146 um
890 4081 1073 4147 infra
1140 4085 1211 4146 in
1257 4086 1533 4150 Marcio
1575 4085 1863 4173 Philippo
1918 4087 2229 4151 recitabi-

652 4188 659 4193 '
711 4198 910 4263 mus,
959 4199 1115 4243 nam
1176 4192 1243 4243 et
1272 4181 1615 4269 Philippi,
1668 4197 1741 4246 ut
1789 4185 1887 4248 ibi
1940 4196 2024 4248 e‘x
2074 4182 2228 4268 ipsis

711 4278 921 4339 etiam
955 4277 1175 4340 numia
1210 4279 1641 4358 videbimus,
1709 4284 1969 4344 Ancum
2034 4278 2256 4343 Mar-⁴

766 4517 821 4581 a)
858 4516 915 4566 in
952 4515 1106 4569 Caes.
1145 4535 1193 4582 o,
1226 4526 1281 4581 ὁ.

1418 4516 1478 4589 b)
1512 4519 1588 4581 L,
1613 4520 1720 4581 lv,
1756 4537 1800 4576 e.
1836 4537 1895 4589 3.

706 4582 894 4637 Numa
926 4591 993 4658 p.
1022 4601 1119 4654 74.

2065 4521 2114 4591 e)
2152 4517 2224 4573 (ιο
2257 4517 2326 4582 a.
2361 4518 2432 4574 R.
2466 4492 2532 4574 ι’.
2568 4519 2644 4575 11.
2683 4537 2732 4586 e,
2775 4540 2855 4576 n·

1976 517 2524 599 MARCIA.

2316 721 2496 786 cium
2538 720 2607 784 in
2648 718 3022 806 majoribus
3073 725 3442 804 agnovere.
3555 716 3657 780 Ex
3697 735 3848 801 quo

2317 817 2643 881 docemur
2670 866 2690 897 ,
2744 818 2949 883 decus
2977 816 3156 879 idem
3190 815 3565 896 jactass'e·et
3614 814 3842 899 Censo-

2314 918 2532 993 rinos,
2586 928 2655 979 et
2693 914 3017 1001 Philippos
3043 959 3065 991 ,
3116 931 3202 974 ex
3243 910 3524 974 oraculo
3581 908 3842 973 scilicet

2317 1030 2713 1093 nummum,
2765 1024 2832 1075 et
2864 1010 3108 1095 Reges,
3160 1026 3246 1070 ex
3296 1006 3509 1071 citato
3590 1006 3836 1070 Sueto·

2315 1108 2411 1170 nii
2441 1106 2621 1172 loco.
2721 1107 2978 1171 Mirum
3013 1123 3218 1180 vero,
3270 1103 3338 1165 in
3381 1102 3694 1167 omnibus
3725 1101 3840 1165 his

2313 1204 2577 1282 numia,
2630 1215 2703 1266 ut
2776 1215 2845 1267 et
2905 1203 2973 1265 in
3014 1198 3438 1284 sequentibus
3481 1197 3842 1284 Philippi,

2312 1301 2484 1363 Anci
2521 1312 2730 1385 caput
2782 1298 3078 1386 proponi
3123 1293 3469 1374 imber-be,
3521 1314 3674 1358 cum
3719 1299 3840 1358 ca·

2308 1396 2459 1480 pita
2490 1396 2880 1460 remotioris
2914 1393 3196 1470 aetatiS,
3245 1389 3291 1453 rx
3327 1391 3536 1455 homo
3559 1393 3840 1472 „Roma-

2308 1510 2433 1554 nus
2476 1489 2584 1578 fit,
2636 1490 3009 1555 liberaliter
3025 1485 3334 1552 'barbata
3367 1487 3527 1574 fingi
3561 1486 3839 1552 consue-

2309 1587 2553 1656 verint.
2652 1588 2920 1650 Tamen
2969 1585 3188 1671 legem
3242 1582 3420 1646 hanc
3465 1583 3648 1670 poss‘e
3697 1581 3837 1645 fal-

2306 1682 2483 1758 lere,
2536 1683 2740 1747 docet
2778 1686 3038 1760 Varro,
3092 1699 3245 1744 cum
3316 1680 3449 1744 ait:
3519 1678 3581 1764 ⁰)
3666 1678 3866 1743 olins

2307 1779 2475 1867 tonso
2483 1800 2587 1844 res
2624 1799 2750 1843 non
2783 1776 2967 1868 suiffe
2987 1824 3008 1855 ‚
3076 1775 3502 1866 adfigi-ficunt
3537 1777 3838 1861 antiquo-

2304 1896 2449 1940 rum
2468 1878 2719 1964 statuae
2737 1923 2754 1952 ,
2806 1873 2974 1962 quod
3007 1874 3337 1960 pleraeque
3375 1871 3602 1940 habent
3633 1869 3834 1956 capil-

2308 1971 2474 2057 lum,
2527 1982 2587 2037 et
2630 1971 2892 2038 barbam
2937 1991 3259 2057 magnam.
3385 1975 3575 2034 Anco
3613 1968 3836 2054 jungi·

2307 2075 2418 2132 tu‘r
2458 2069 2720 2149 Numa,
2773 2081 2843 2133 et
2880 2072 3029 2152 jure
3083 2066 3726 2153 quidem,.quando
3761 2078 3840 2130 et

2309 2163 2486 2227 huno
2545 2167 2794 2231 Marcii
2832 2185 2953 2250 per
3001 2169 3262 2228 Ancum
3308 2165 3379 2226 in
3419 2163 3548 2225 suis
3596 2182 3831 2226 nume-

2309 2274 2651 2325 raverant.
2752 2262 2933 2325 Nam
2983 2258 3143 2325 teste
3189 2258 3393 2324 Livio
3445 2250 3509 2341 ἆ)
3579 2258 3836 2326 Numae

2308 2358 2606 2443 Pompilii
2638 2362 2815 2443 regis
2851 2378 3039 2446 nepos
3056 2404 3076 2434 ,
3122 2357 3270 2445 filia
3322 2364 3505 2422 ortus
3519 2403 3540 2434 ‚
3601 2354 3834 2421 Ancus

2309 2455 2602 2520 Marcius
2628 2464 2788 2521 erat.
2887 2456 3076 2518 Idem
3112 2453 3378 2536 aliquot
3413 2454 3581 2515 locis
3623 2453 3840 2516 docet

2307 2549 2672 2634 Dionysius
2699 2548 3312 2615 Halicamaffenfi&
3408 2546 3834 2633 Pompiliam

2309 2648 2615 2733 appellat
2635 2647 3060 2723 PlutarchuS,
3117 2645 3231 2728 qui
3270 2645 3449 2720 hunc
3473 2645 3641 2707 Anci
3668 2664 3834 2708 curn

2309 2744 2535 2806 Numa
2573 2760 2818 2807 nexum
2856 2744 3128 2807 uberius
3165 2744 3487 2828 explicat.
3539 2740 3598 2824 e)
3683 2741 3835 2805 Nu-

2309 2859 2465 2901 mae
2513 2852 2718 2925 caput
2751 2839 3007 2903 habent
3043 2839 3248 2902 etiam
3283 2841 3467 2901 numi
3519 2834 3816 2923 Calpur-

2311 2935 2575 2997 niorum
2617 2934 2707 2997 ob
2756 2934 3028 2999 causam
3063 2932 3337 3017 §imilem
3362 2983 3382 3012 ,
3435 2946 3508 2999 ut
3537 2945 3604 2996 et
3622 2936 3836 2998 Pom-

2310 3031 2497 3114 ponii
2534 3030 2857 3094 Molonis».
2956 3032 3122 3093 Pars
3159 3031 3394 3094 aversa
3423 3032 3489 3093 in
3531 3029 3637 3092 his
3679 3053 3835 3094 nu-

2310 3127 2435 3188 mis
2476 3147 2597 3211 per
2653 3129 2930 3190 navium
2984 3124 3329 3189 stationem
3387 3125 3593 3190 facile
3649 3128 3838 3191 indi-

2309 3233 2422 3285 cat
2450 3222 2722 3306 portum
2774 3221 2998 3287 Ostiae
3063 3222 3150 3286 ab
3204 3229 3392 3287 Anco
3457 3220 3775 3287 structum
3811 3270 3846 3303 ,

2307 3321 2615 3384 Victoria
2663 3320 3197 3404 qualemcunque
3231 3321 3369 3400 eius
3414 3320 3784 3382 victoriam
3813 3367 3842 3398 ,

2308 3414 2468 3478 luna
2513 3417 2738 3498 judice
2792 3417 3278 3513 Havercarnpo
3316 3435 3565 3480 annum
3604 3434 3648 3480 a
3680 3416 3834 3480 Nu-

2309 3532 2424 3575 ma
2464 3512 2529 3574 in
2584 3514 2734 3576 XII.
2770 3511 3024 3575 menses
3064 3509 3509 3577 distributum.

2341 3607 2350 3613 “
2404 3610 2660 3672 Numus
2699 3610 2781 3674 11.
2821 3609 3392 3683 eademeontinet
3441 3598 3710 3671 Numae
3762 3621 3840 3673 et

2312 3706 2480 3768 Anci
2516 3707 2767 3789 capita.
2868 3703 3119 3789 Insigne
3166 3704 3373 3767 etiam
3425 3705 3661 3767 thema
3721 3703 3838 3769 of-

2309 3800 2442 3863 fert
2480 3819 2639 3885 pars
2670 3799 2947 3875 aversa,
3003 3820 3242 3885 nempe
3285 3801 3694 3865 desultorum
3761 3823 3842 3865 u·

2307 3916 2510 3971 num,
2564 3914 2850 3979 quorum
2900 3897 3150 3961 eratin
3208 3895 3388 3960 ludis
3423 3916 3638 3980 equos
3697 3899 3829 3961 du-

2311 4012 2387 4055 os
2419 3992 2675 4078 pernici
2706 3992 2890 4057 cursu
2931 3993 3253 4065 incitare,
3308 3992 3392 4056 fic
3437 4005 3508 4056 ut
3547 3990 3842 4059 infiden-
3963 4052 3970 4057 .

2308 4100 2409 4150 tes
2444 4090 2555 4150 uni
2596 4108 2760 4152 mox
2797 4090 2861 4152 in
2907 4088 3189 4152 alterum
3235 4092 3411 4152 mira
3468 4089 3832 4156 celeritate

2308 4183 2663 4249 defilirent.
2743 4187 2925 4249 ‘Inde
2957 4206 3078 4272 per
3113 4186 3586 4271 metaphoram
3612 4186 3836 4253 desul-

2305 4291 2489 4343 tores
2529 4283 2740 4345 etiam
2773 4283 2936 4347 dicti
2969 4281 3156 4345 leves
3215 4294 3282 4345 et
3329 4279 3788 4349 inconstantes
3815 4333 3839 4365 ‚

3029 4520 3087 4589 d)
3123 4521 3190 4575 L.
3227 4521 3271 4576 1.
3313 4538 3362 4582 c.
3396 4537 3498 4591 32.
3672 4520 3727 4589 e)
3772 4525 3844 4577 in
