4175 5450
737 528 871 681 γε
1286 570 1295 577 ’
1783 584 2835 689 PRoLEGoMENA

740 804 827 875 in,
859 799 1107 886 quibus
1136 798 1280 865 XV‘.
1331 794 1738 885 cxxxxn..
1761 809 1830 860 et
1858 795 2099 889 infiffifi
2147 817 2262 863 nu-

739 904 910 964 meri
950 896 1130 962 alii?
1198 897 1404 959 ‘Aliud
1444 893 1685 958 illustre
1732 893 2118 977 exemplum
2161 895 2263 956 vi·

742 998 827 1058 de
868 982 1048 1057 infra
1084 993 1532 1056 in0Lucretia.
1632 992 1813 1054 Nolo
1845 1008 2260 1055 commemo·

736 1093 971 1157 randis
1017 1090 1120 1151 his
1188 1088 1489 1151 absurdis
1572 1087 1876 1151 laborem
1947 1085 2259 1149 inutilem

735 1187 1171 1272 impendere,
1227 1204 1513 1268 quorum
1543 1188 1683 1265 jam
1733 1184 1927 1269 plura
1986 1181 2265 1265 collegit

739 1283 1059 1345 Liebeus.
1113 1278 1195 1361 ἃ)
1280 1280 1538 1341 Eodem
1580 1283 1787 1343 modo
1837 1280 2070 1341 literas
2110 1279 2260 1340 soli·

622 1429 629 1435 .
733 1379 950 1441 tarias
993 1378 1062 1438 in
1110 1376 1328 1437 numis
1384 1395 1653 1460 quoque
1707 1374 1991 1439 Graecis
2032 1374 2262 1457 'expli-

696 1494 893 1537 ·care
948 1472 1142 1556 saepe
1180 1471 1458 1533 adortus
1485 1519 1503 1550 ,
1576 1492 1783 1555 quam
1814 1473 2072 1535 'inanes
2125 1470 2260 1554 ple-

732 1588 1037 1653 rumque’
1077 1566 1416 1651 falsasque
1480 1570 1951 1652 propinaverit
2031 1570 2261 1649 conje-

730 1678 987 1740 cturas,
1041 1662 1306 1749 patebit
1340 1684 1427 1726 ex
1459 1667 1965 1727 commentariis
1996 1660 2259 1731 nostris.

829 1760 1011 1851 Cum·
1089 1779 1247 1843 ergo
1294 1780 1379 1821 ex
1438 1761 1522 1823 iis
1615 1761 1991 1847 exemplis,
2078 1778 2257 1841 quae

729 1857 1069 1944 prinprio
1106 1855 1467 1941 proposui,
1520 1854 1956 1920 manifestum·
1986 1854 2103 1935 fit,
2179 1859 2254 1921 id

725 1973 933 2041 genus
971 1965 1170 2016 notas
1208 1954 1276 2014 in
1316 1972 1675 2015 numorum
1710 1965 1973 2015 tantum
2020 1953 2251 2016 discri-

722 2054 911 2117 mina
946 2050 1253 2128 valuiss'e,
1306 2051 1423 2135 qui
1453 2069 1611 2119 mos
1630 2048 2249 2132 hodieque-inmul-

719 2149 808 2211 tis
843 2147 1136 2211 officinis
1189 2149 1585 2210 monetariis
1650 2146 1949 2223 obtinet,
2023 2147 2246 2232 poss'u-

724 2264 875 2309 mus
921 2244 1085 2329 legis
1126 2242 1326 2305 instar
1370 2244 1547 2305 hanc
1587 2239 1767 2304 ferre
1815 2242 2246 2307 sententiam:

748 2332 755 2337 ’
822 2340 1075 2404 Literae
1104 2337 1416 2422 alphabeti
1432 2385 1452 2415 ‚
1517 2347 1706 2401 notae
1765 2338 2197 2403 arithmeticae»
2223 2387 2241 2418 ,

716 2438 958 2502 minuta
999 2437 1208 2523 figiaa
1245 2445 1375 2499 tum
1423 2444 1667 2498 tantum
1701 2433 1791 2497 ad·
1838 2440 2009 2498 numi
2049 2435 2242 2519 expli-

716 2543 917 2599 catum
938 2534 1289 2617 pertinent,
1341 2528 1586 2617 quando
1627 2550 1699 2595 ea
1735 2534 2075 2618 constantia
2089 2532 2250 2617 sunt.

712 2631 782 2696 in
823 2627 1144 2709 omnibus,
1198 2639 1256 2693 et
1283 2629 1429 2715 malli
1458 2626 1736 2692 obnoxia
1777 2632 2100 2693 varietati.
2205 2699 2217 2711 ,

619 2781 631 2794 ,
811 2729 1032 2790 Notas
1073 2726 1581 2801 arithmeticaS,
1633 2723 1718 2786 de
1776 2727 2020 2810 quibus
2079 2727 2241 2789 arti·

643 2813 648 2817 ⁴
714 2824 870 2890 culo
920 2822 1227 2902 sequente
1253 2869 1272 2900 ,
1324 2834 1392 2883 et
1435 2820 1644 2905 sigilla
1689 2826 2106 2907 προληπτικως
2144 2822 2244 2884 le-

646 2992 651 2997 ·
712 2923 793 3012 gi>
830 2916 1226 2988 inclusemm
1256 2964 1276 2998 ,
1351 2937 1521 2986 cum
1568 2919 1810 2986 eadem
1858 2920 2106 2988 horum
2167 2917 2245 2984 fit

2345 799 2525 860 ratio
2552 847 2572 879 ‚
2628 809 2695 859 et
2741 815 2823 858 ne
2865 790 3154 857 eandem
3187 790 3524 857 cramben*
3556 788 3881 880 frequen}-

2343 894 2476 957 tius
2519 912 2727 980 cogar
2775 911 3167 974 recoquere.

2343 1002 2651 1054 tenemus
2692 988 2960 1052 causam
3001 1010 3070 1052 re
3105 989 3187 1050 X.
3247 988 3359 1049 vel
3415 988 3593 1051 XVI.
3639 992 3706 1052 in
3757 991 3872 1052 de-

2343 1088 2596 1163 nariiS,
2651 1099 2718 1149 et
2766 1107 2834 1150 τε
2900 1084 2987 1164 Q.
3076 1083 3202 1148 vel*
3274 1086 3353 1146 V.
3405 1086 3472 1146 in
3517 1086 3870 1169 quinariis.

2347 1181 2684 1252 Graecum
2731 1184 2791 1246 Φ
2830 1182 3042 1266 capiti
3074 1179 3375 1265 Philippi
3422 1182 3596 1265 regis
3637 1182 3873 1245 Mace-

2343 1280 2594 1341 doniae
2626 1280 2692 1341 in
2734 1278 3032 1340 denariis
3069 1277 3285 1361 gentis
3343 1278 3654 1341 Marciae
3718 1296 3881 1362 per·

2343 1388 2553 1459 petuo
2587 1373 2973 1437 adstitutum
3030 1372 3397 1437 commode
3431 1392 3557 1458 pro
3622 1374 3874 1458 princi·

2343 1471 2460 1554 pio
2495 1471 2787 1532 nominis
2830 1471 3097 1534 Φιλιππε
3140 1467 3450 1535 habetur.
3573 1469 3688 1531 Sic
3746 1487 3884 1555 pes

2342 1567 2412 1628 in
2441 1567 2497 1628 F
2501 1568 2652 1629 ur-ia
2690 1578 2886 1651 gente
2940 1567 3031 1630 ad
3096 1564 3484 1651 cognomen
3524 1563 3873 1651 Crassipe-

2343 1664 2485 1739 dis,
2543 1661 2829 1725 malleus
2877 1663 2948 1724 in
2988 1661 3298 1725 Poblicia
3339 1663 3428 1723 ad
3486 1650 3874 1747 cognomen

2339 1758 2655 1823 Malleoli
2681 1772 2810 1822 etc.
2834 1757 3193 1821 finedubio
3230 1757 3596 1831 adludunt..
3693 1758 3872 1822 Cum

2337 1854 2509 1918 haec
2552 1856 2862 1929 variant,
2916 1855 3495 1939 quemadmodum
3527 1856 3596 1919 in
3637 1856 3871 1918 omni-

2335 1950 2462 2014 bus
2497 1953 2601 2014 his
2635 1951 2853 2014 tribus
2889 1951 3149 2025 modis,
3202 1970 3285 2014 ac
3333 1951 3704 2035 praecipue
3743 1971 3886 2037 perv
4001 2046 4008 2053 ·

2335 2048 2655 2135 denarios
2686 2046 3039 2123 Pisonum,
3122 2046 3323 2131 supra
3388 2066 3595 2131 quam
3675 2047 3871 2111 credi

2330 2145 2584 2229 possit,
2638 2144 2948 2219 variant,
3001 2155 3210 2206 notae
3259 2143 3405 2206 sunt
3439 2144 3864 2207 monetario-

2328 2260 2516 2323 rum,
2571 2253 2645 2303 et·
2686 2238 3102 2302 diversarum
3145 2234 3532 2305 matricum.
3627 2240 3861 2319 ,Ejus-

2330 2338 2484 2399 dem
2518 2336 2782 2422 generis
2824 2346 3031 2398 notae
3080 2337 3326 2400 mitum
3386 2326 3594 2399 etiam
3651 2336 3862 2422 saepe

2328 2431 2649 2497 differunt
2683 2433 2749 2494 in
2787 2432 3010 2497 numis
3043 2429 3367 2511 Graecis,
3420 2453 3507 2497 ac
3558 2433 3876 2517 campi-i·-

2327 2530 2457 2593 mis
2491 2531 2560 2592 in
2616 2530 2841 2593 aureis
2880 2527 3178 2617 {fhilippi
3248 2529 3332 2594 11.
3362 2576 3381 2606 ,
3468 2529 3875 2593 Alexandri-

2325 2627 2463 2702 M„
2516 2622 3071 2711 et·12.yfima{ch'i‚'
3118 2645 3289 2709 quas
3359 2626 3473 2708 qui
3543 2627 3874 2710 quadam-

2325 2720 2726 2807 veri.specie
2765 2721 3111 2807 explicare
3160 2722 3383 2801 volet,
3456 2735 3573 2785 aut
3646 2743 3876 2786 nemo·

2326 2819 2454 2880 erit
2476 2865 2496 2895 ,
2548 2831 2669 2880 aut
2708 2820 2818 2881 cui
2853 2831 3062 2907 caput
3099 2820 3313 2890 tribus
3362 2819 3714 2908 Anticyris
3750 2821 3880 2901 ing-

2323 2912 2623 2982 ranabile
2661 2912 2788 2986 est..

3266 891 3649 957 Secundum
3697 893 3873 956 haec
3917 904 3921 908 “

2183 3304 2350 3385 sv.

1872 3489 1974 3562 De
2020 3498 2190 3563 notis
2239 3494 2668 3564 arithmeticis.

774 3747 945 3831 ‘Pro
982 3762 1207 3830 literis
1229 3763 1625 3852 alphabeti,
1676 3766 1761 3829 de
1803 3766 2046 3851 quibus
2071 3789 2227 3835 oon·
2311 3790 2489 3834 num.
2518 3766 2951 3853 Calpurniae.
3048 3767 3126 3833 In
3175 3766 3392 3851 Axia»,
3458 3779 3528 3834 et
3601 3747 3876 3840 Maria:
3937 3839 3942 3846 ,

700 3864 893 3928 tinuo
933 3865 1231 3949 egimus,
1300 3867 1371 3927 in
1441 3866 1736 3927 denariis
1791 3867 1942 3929 aliis
1991 3886 2226 3960 occur·
2314 3866 2766 3949 Capitonum‚
2823 3886 2997 3949 quae
3046 3879 3251 3930 notae
3287 3866 3524 3929 suntin
3577 3872 3888 3958 antica,‚

695 3973 856 4024 runt
896 3971 1104 4023 notae
1152 3962 1645 4028 arithmeticae.
1764 3961 2015 4025 Earum
2062 3983 2226 4025 cau·
2308 3972 2701 4045 repetuntur
2726 3962 2792 4024 in
2818 3964 3078 4046 aversa,
3132 3963 3532 4048 quod.idem
3567 3963 3866 4034 factum

699 4057 812 4134 sa,
866 4070 934 4120 et
973 4056 1121 4118 usus
1157 4057 1383 4136 idem,
1460 4059 1658 4142 quem
1710 4057 2059 4122 literarum
2128 4060 2225 4120 di·
2312 4076 2464 4122 c-um
2513 4056 3080 4123 literis-diximus.

695 4153 922 4219 ximus
952 4198 972 4231 ,
1025 4164 1092 4214 et
1137 4152 1270 4216 hae
1312 4175 1583 4239 quoque
1643 4153 1995 4242 postremis
2053 4154 2241 4237 reip..

697 4246 1378 4334 temporibus-omitti
1427 4264 1758 4336 coeptae..
1866 4248 2231 4312 Habentur.
2308 4245 2615 4316 CXVIII.
2663 4262 2812 4314 etc.-
2895 4252 2971 4314 In
3025 4252 3148 4318 his.
3195 4255 3666 4320 observandae
3720 4279 3863 4324 no·-

697 4347 768 4408 in
804 4345 1145 4426 Coss'utia,.
1171 4344 1489 4432 Crepufia
1514 4395 1532 4425 ‚
1574 4345 2241 4424 Iunia-Silanorum,.
2303 4358 2417 4409 tae
2452 4356 2509 4408 „L
2559 4348 2676 4412 vel
2723 4345 2828 4426 W,
2882 4368 3058 4433 quae
3079 4368 3216 4413 non
3246 4371 3404 4414 raro
3436 4368 3862 4436 occurrunt,

694 4442 1014 4508 Mamilia
1042 4488 1082 4519 ,.
1114 4441 1447 4528 aliisque,
1502 4459 1585 4509 ac
1632 4443 1999 4529 praecipue
2040 4442 2222 4507 Piso·
2302 4445 2684 4530 praecipue,
2718 4445 2790 4507 in
2833 4446 3129 4510 denariis
3179 4447 3490 4511 Pisonum
3517 4496 3538 4528 ,
3591 4462 3668 4513 et
3721 4453 3878 4518 Ti..

681 4587 3851 4630 ...m

753 4676 1018 4750 QssGoth,
1056 4695 1212 4742 num,
1244 4696 1308 4754 R·
1347 4694 1498 4742 2223..

2403 4150 2798 4217 Scribuntur
2831 4154 2916 4220 fic
2943 4177 2959 4217 ε
3015 4155 3162 4219 VII.
3185 4156 3332 4220 X-V.
3351 4157 3882 4227 Lxxxx-1111..
