4175 5450
709 601 842 668 18⁸

712 783 929 873 magis
1014 776 1472 870 praeferenda
1546 779 1753 844 lectio
1835 761 2226 846 LENTulus

707 878 1034 947 MARcetln·
1103 877 1351 960 Filius,
1400 861 1544 959 ip'l'o
1627 874 1956 940 Cicerone
1996 874 2224 939 facem

708 975 1176 1064 praeferente,
1230 972 1345 1059 qui
1380 971 1579 1035 nobis
1616 970 1773 1036 loco
1805 972 2017 1036 citato
2051 971 2225 1033 Len-

1902 576 2621 722 CORNE3L1A.
2712 637 2717 642 ·

2309 792 2414 844 tre
2451 771 2714 845 consule
2750 779 3000 844 iturum
3036 774 3107 842 in
3143 776 3373 874 senatu
3420 778 3707 849 dixill'et.
3754 767 3824 866 ¹’)

2311 875 2575 940 Eodem
2615 895 2793 939 anno
2831 876 3019 939 victo
3064 876 3155 939 ad
3188 876 3604 960 Magnesiam
3647 877 3826 962 Syro

2316 985 2384 1035 et
2409 974 2499 1036 ad
2532 992 2774 1058 pacem
2804 972 3054 1036 adacto
3076 1018 3096 1049 ,
3146 971 3284 1056 ipse
3307 1017 3328 1049 ‚
3376 991 3451 1036 ne
3478 976 3827 1057 cognomini
3924 1029 3933 1036 .

708 1071 927 1136 tulum
964 1068 1279 1136 Marcelli
1329 1065 1543 1130 filium
1601 1067 1837 1132 diserte
1878 1086 2225 1130 common·
2301 1068 2554 1153 fratris
2593 1067 2829 1134 cederet
2850 1114 2869 1145 ,
2920 1066 3261 1154 Asiaticum
3283 1069 3352 1158 se
3383 1068 3678 1154 appellavi
3716 1089 3824 1134 vo-

711 1166 891 1234 strat.
988 1164 1406 1230 Sententiam
1439 1182 1663 1227 meam
1697 1164 1947 1228 invicte
1984 1159 2227 1226 stabili·

706 1275 829 1328 unt
859 1263 1046 1328 numi
1102 1260 1399 1345 inscripti
1456 1258 1865 1323 AL131NVS.
1919 1257 2230 1321 BRVTI.

711 1358 833 1436 F„
882 1358 1203 1423 nimirum
1246 1368 1321 1419 ut
1357 1354 1617 1418 dicetur
1659 1354 1730 1416 in
1764 1365 1960 1442 gente
2008 1353 2231 1429 Iunia,

712 1454 802 1520 D.
843 1456 1091 1518 Brutus
1124 1451 1214 1517 ab
1253 1458 1341 1516 A.
1408 1448 1747 1515 Postumio
1797 1448 2050 1512 Albino
2109 1449 2234 1512 ad-

725 1562 1004 1635 optatus
1046 1549 1242 1631 hujus
1280 1546 1431 1631 lege
1505 1545 1896 1631 adoptionis
1940 1545 2003 1608 se
2059 1546 2237 1608 dixit

718 1645 1043 1711 Albinum
1065 1693 1087 1728 ,
1139 1655 1215 1706 at
1249 1653 1607 1729 praeterea
1636 1641 1826 1707 Bruti
1854 1640 2067 1705 filium
2087 1688 2113 1718 2
2159 1651 2235 1703 ut

722 1745 910 1826 cujus
946 1738 1106 1803 ess'et
1138 1738 1317 1802 filius
1370 1748 1616 1801 natura
1639 1784 1659 1814 ‚
1730 1737 2234 1822 intelligeretur.

717 1834 1073 1912 Contende
1111 1853 1266 1898 cum
1296 1834 1432 1897 hoc
1449 1832 1682 1897 Albini
1712 1851 1918 1897 numo
1954 1850 2235 1895 numum

717 1931 989 1999 Lentuli
1030 1927 1276 2011 nostri,
1330 1941 1398 1992 et
1433 1928 1604 1993 nihil
1645 1930 1966 2015 supererit
2021 1927 2232 1992 dubii.

714 2029 980 2095 Eodem
1015 2026 1226 2090 modo
1274 2025 1343 2089 in
1401 2045 1743 2089 marmore
1799 2021 2086 2088 Reinesii
2144 2021 2235 2085 le·

713 2125 929 2212 'giturz
977 2124 1056 2187 P.
1142 2119 1678 2186 CORNELIVS.
1770 2120 2071 2185 PAVLI.
2157 2119 2236 2186 F.

611 2275 626 2284 ,
718 2216 1045 2291 SCIPIO.
1093 2214 1634 2281 AFRICANVS.
1687 2214 1753 2299 ⁸)
1855 2217 2135 2303 Typum
2166 2234 2236 2278 a·

713 2314 948 2384 versae
999 2311 1215 2376 sensus
1265 2309 1653 2396 perobscuri
1699 2312 2044 2396 explicare
2100 2330 2238 2375 non

712 2423 931 2479 tento.
1033 2409 1145 2472 Ad
1196 2410 1384 2489 cujus
1440 2408 1747 2491 palatum
1779 2406 2044 2470 faciunt
2075 2426 2235 2471 con-

708 2514 1010 2596 jecturae
1038 2504 1243 2589 longe
1274 2502 1530 2588 petitae
1561 2548 1582 2582 ,
1632 2505 1843 2568 adeat
1873 2516 2077 2586 potos
2137 2503 2234 2568 11·

713 2605 931 2672 viros.

1337 2711 1350 2733 ι
1473 2692 1509 2730 Ω

613 2819 630 2833 ·
713 2793 1015 2869 Lentulus
1067 2744 1331 2878 Lupus:
1377 2794 1568 2874 cujus
1608 2744 1864 2855 alentio
1897 2792 1967 2855 in
2008 2790 2234 2855 numia

721 2896 996 2960 Cretae.
1090 2888 1271 2952 Vide
1313 2886 1804 2974 prolegomena
1855 2888 1950 2951 ad
1990 2905 2234 2951 numos

717 2992 914 3073 hujus
952 2982 1231 3052 insulae.

1292 3125 1323 3159 ss
1646 3125 1680 3161 Ο

637 3238 646 3243 .
721 3178 935 3265 Scipio
967 3171 1186 3263 gentis
1244 3170 1603 3256 patriciae.

807 3314 810 3317 -
1019 3269 1226 3353 Caput
1275 3267 1625 3334 laureatum
1640 3316 1660 3347 ,
1708 3269 1777 3332 in
1826 3287 1980 3335 area
2023 3265 2239 3335 literae

1014 3361 1349 3452 alphabeti,
1376 3366 1438 3452 fi
1463 3385 1596 3431 uon
1625 3364 1935 3432 habentur
1964 3368 2032 3461 in
2055 3385 2241 3432 aver-

1033 3483 1096 3528 a.

723 3558 806 3631 1..
858 3464 1074 3627 8014.
1112 3554 1407 3623 ASIAG.
1448 3557 1740 3644 Iuppiter
1770 3559 1839 3622 ln
1867 3558 2017 3623 citis·
2073 3578 2234 3647 qna·

726 3660 940 3747 drigis
967 3656 1031 3723 d.
1076 3654 1319 3744 fulvum
1357 3653 1616 3733 vibrat,
1655 3653 1713 3739 fi
1750 3654 2108 3743 fieptrum,
2168 3660 2242 3723 in

725 3777 881 3826 area
916 3753 1101 3820 litera
1163 3748 1477 3838 alphabeti
1506 3797 1528 3830 ,
1561 3751 1622 3836 fi
1672 3760 1802 3817 ndu
1859 3748 2130 3819 habetur
2173 3755 2243 3820 in

724 3855 957 3924 antica.
1055 3840 1228 3913 Sunt
1251 3847 1490 3912 serrati
1527 3862 1763 3911 omnes
1791 3894 1813 3926 ‚
1864 3860 1934 3912 et
1961 3848 2042 3915 C.

823 3940 938 4014 Est
999 3943 1114 4010 hic
1172 3941 1253 4010 L.
1309 3940 1665 4008 Cornelius
1726 3942 1978 4031 Scipio'
2016 3945 2243 4011 consul

631 4120 641 4131 ,
723 4048 813 4112 V.
852 4042 932 4110 C.
970 4042 1154 4127 564,
1204 4038 1316 4104 cui
1396 4032 1694 4125 populus
1771 4051 1917 4105 tum
1968 4042 2242 4106 demum

730 4140 1095 4206 Graeciam
1119 4183 1141 4216 ,
1218 4133 1608 4221 bellumque
1682 4154 1835 4200 cum
1905 4137 2245 4204 Antiocho

733 4239 833 4323 Μ.
875 4233 1243 4321 gerendum
1274 4230 1618 4311 decrevit,
1670 4249 1825 4296 cum
1863 4233 1942 4297 P.
1974 4232 2246 4298 Africa-

728 4354 848 4399 cue
878 4330 1095 4397 frater
1157 4330 1381 4413 major
1427 4325 1728 4413 legatum
1782 4327 1847 4391 se
1902 4348 2058 4393 cum
2107 4327 2247 4395 fta·

2316 1161 2467 1246 h‘aae't,
2518 1176 2592 1229 ut
2667 1167 2765 1228 ait
2855 1163 3091 1229 Livius
3118 1211 3137 1241 ‚
3212 1163 3326 1249 qui
3410 1174 3559 1252 toto
3646 1165 3824 1230 libro

2317 1259 2659 1325 XXXVII.
2697 1257 2947 1324 bellum
2992 1259 3157 1324 istud
3194 1278 3278 1323 ac
3322 1261 3648 1352 triumphi
3682 1282 3827 1326 ma·

2318 1354 2777 1440 gnificentiam
2817 1354 3148 1420 describit.
3282 1356 3559 1419 Partum
3647 1357 3839 1422 bello

2322 1469 2700 1537 cognomen
2732 1451 2804 1514 hi
2828 1469 3097 1537 quoque
3117 1453 3379 1517 denarii
3405 1450 3849 1534 confirmanu-

2321 1565 2458 1610 non
2543 1560 2773 1612 tamen
2863 1547 2993 1613 fine
3058 1547 3472 1612 eruditorum
3525 1548 3830 1624 dill'ensu‚

2319 1642 2598 1728 Pighius
2636 1663 2793 1707 cum
2841 1644 2911 1705 in
2965 1643 3093 1707 suis
3155 1643 3445 1711 ASIAC.
3533 1644 3829 1730 legeret,

2323 1738 2579 1802 dictum
2616 1739 2884 1825 putavit
2903 1739 3213 1828 Astacum.
3266 1738 3331 1823 e)
3427 1744 3678 1805 Verum
3708 1743 3830 1805 ali·
3906 1740 3917 1752 '

2325 1852 2402 1898 as
2435 1835 2729 1899 diximus
2758 1881 2778 1912 ,
2832 1827 3096 1899 veteres
3147 1835 3497 1901 Romanos
3543 1838 3613 1900 in
3682 1837 3830 1901 scri·

2310 1941 2526 2014 ptura
2555 1930 2753 2016 saepe
2795 1928 2852 1994 C
2880 1944 2947 1994 et
2999 1929 3059 1993 G
3104 1934 3528 2018 permutasse,
3575 1934 3828 1999 Morel-

2325 2025 2400 2088 lii
2457 2027 2772 2090 iconismi
2833 2046 3067 2091 omnes
3124 2027 3383 2092 habent
3461 2028 3690 2092 ASIA.
3742 2029 3828 2095 G.

2314 2132 2575 2205 puncto
2612 2122 3015 2188 elementum
3056 2120 3118 2187 G
3157 2126 3648 2210 praecedente,
3698 2145 3835 2213 quo

2323 2235 2494 2279 vero
2532 2217 2592 2280 is
2630 2218 2840 2282 modo
2877 2220 3293 2306 epigraphen
3330 2219 3535 2285 0hanc
3610 2224 3839 2309 exple·

2325 2312 2543 2391 verit,
2595 2314 2875 2399 ignoro,
2929 2334 3146 2400 neque
3215 2335 3630 2402 magnopere
3687 2339 3831 2382 mo·

2322 2427 2482 2486 ror,
2532 2427 2685 2473 cum
2720 2411 2791 2473 in
2820 2411 3267 2495 integerrimis
3322 2413 3572 2500 septem
3622 2426 3689 2476 et
3730 2417 3832 2479 vi·

2323 2505 2487 2589 giuti
2521 2507 2739 2568 numia
2793 2506 2998 2570 musei
3058 2504 3370 2572 Caesarei
3423 2507 3837 2574 luculentum

2219 2657 2230 2674 ,
2320 2601 2589 2692 legatur
2622 2599 2921 2665 ASIAG.
2969 2602 3081 2667 vel
3111 2603 3397 2668 ASIAC.
3444 2605 3632 2669 nullo
3671 2627 3867 2692 pun·.

2323 2696 2417 2761 cti
2449 2693 2749 2784 vestigio,
2800 2716 2937 2783 quo
2972 2698 3150 2764 adeo
3190 2698 3346 2765 loco
3381 2701 3680 2767 Morellii
3714 2725 3838 2769 no·

2320 2805 2466 2858 tam
2509 2793 3027 2873 adcurationem
3074 2795 3401 2870 desidero.
3498 2799 3582 2861 ld
3628 2819 3838 2865 voca-

2321 2887 2558 2953 bulum
2590 2889 2776 2952 haud
2796 2889 3003 2954 dubie
3030 2890 3844 2980 ASIAGmeslegendum3

2322 3004 2484 3047 nam
2519 2984 2792 3061 LiviuS,
2840 2989 2956 3069 qui
3001 2986 3159 3052 loco
3200 2987 3652 3074 supra-citato
3698 2991 3837 3056 Sci·

2323 3080 2596 3166 pionem
2628 3078 2807 3143 hunc
2838 3080 3179 3171 Asiaticum
3206 3099 3414 3151 vocat
3434 3131 3453 3164 ,
3546 3088 3840 3157 eundem
3890 3138 3903 3141 -

2323 3173 2509 3240 infra
2539 3174 2904 3263 Afiagmm
2941 3178 3145 3244 dicit:
3213 3183 3284 3244 in
3339 3184 3624 3267 equitatu
3667 3204 3843 3249 reco-

2319 3270 2660 3358 gnostmdo
2692 3273 2768 3338 L.
2819 3272 3101 3358 Scipioni
3147 3275 3449 3365 Asiageni
3518 3278 3845 3365 ademptus

2323 3388 2533 3455 equus.
2584 3360 2649 3452 ἆ)
2748 3368 2855 3432 De
2891 3391 3027 3455 quo
3073 3371 3234 3436 vide
3281 3374 3482 3458 plura
3515 3376 3585 3438 in
3636 3376 3843 3459 subje-

2325 3465 2453 3529 ctis
2501 3464 2663 3529 huic
2703 3464 2997 3531 Liviano
3050 3469 3208 3531 loco
3249 3471 3665 3534 eruditorum
3717 3491 3843 3536 no-

2322 3561 2440 3631 tis·
2537 3561 2669 3627 Sed
2716 3563 2786 3625 in
2826 3562 3179 3650 epitaphio
3222 3565 3544 3630 mausolei
3583 3567 3844 3654 Scipio-

2325 3677 2488 3726 num
2572 3678 2788 3742 nuper
2873 3661 3138 3724 Romae
3221 3663 3473 3746 reperti
3559 3663 3843 3748 legitur:

2326 3751 2869 3822 CORNELIVS.
2900 3754 2978 3819 L.
3018 3754 3101 3821 F.
3151 3756 3231 3823 L.
3256 3757 3360 3833 ‚N0
3398 3757 3713 3825 SCIPIO.
3750 3764 3846 3824 A·

2326 3845 2793 3917 SIAGENVS.
2892 3851 3224 3916 Videntur
3277 3855 3464 3918 numi
3494 3854 3568 3918 hi
3606 3854 3851 3941 signati

2326 3968 2414 4012 ex
2453 3943 2665 4008 divite
2705 3948 2970 4032 praeda
3010 3967 3095 4013 eo
3147 3946 3330 4016 bello
3368 3962 3615 4036 capta,
3667 3953 3849 4016 utin

2327 4043 2729 4108 donativum
2761 4043 2961 4108 militi
2991 4045 3327 4127 cederent,
3376 4044 3486 4110 cui
3519 4067 3849 4134 magnam

2324 4133 2473 4227 post
2498 4139 2912 4226 triumphum
2935 4153 3287 4227 erogatam
3315 4145 3677 4230 pecuniam
3699 4158 3850 4211 tra-

2326 4235 2429 4301 dit
2476 4235 2737 4302 Livius.

794 4571 924 4635 a)8
1003 4568 1706 4642 tagm.'1'on.1.p.4o9.

726 4638 783 4694 Χ
1040 4651 1262 4704 ο.44.,

1966 4567 2026 4636 b)
2063 4571 2175 4626 Cic.
2214 4570 2355 4627 Phil.
2390 4571 2494 4628 xl.

2753 4573 2802 4640 e)
2839 4574 3007 4629 Tem.
3043 4574 3125 4639 11.
3157 4593 3288 4650 pag.
3323 4592 3440 4648 293.
3676 4577 3738 4649 d)
3776 4580 3862 4640 1..
