4175 5450
1071 626 1251 709 AD
1349 622 1870 758 Nvmos
1928 623 2867 732 FAM1L1ARvm.

420 827 809 898 testimonia
841 827 927 897 de
965 832 1293 918 operibus
1331 830 1625 918 publicis
1654 880 1675 911 ,
1762 851 1941 917 quae

416 931 557 996 five
608 951 787 997 aevo
823 927 1248 1006 fatiscentia,
1301 930 1433 995 five
1470 930 1790 995 incendio
1825 951 1947 993 ve-

419 1040 591 1094 xata
631 1024 1058 1091 'restituerunt
1082 1025 1382 1111 Augusti,
1414 1028 1534 1090 -de
1555 1029 1778 1090 numis
1806 1026 1949 1089 nul-

414 1126 524 1190 lus
563 1123 704 1187 iuis
750 1121 994 1186 sermo.
1090 1120 1182 1186 11.
1236 1122 1443 1206 Quod
1473 1123 1665 1187 numi
1703 1117 1950 1186 similes

414 1221 752 1308 incipiant
791 1219 911 1297 sub
948 1219 1113 1285 Tito
1140 1265 1160 1297 ,
1214 1230 1281 1308 et
1305 1218 1607 1283 desinant
1636 1218 1754 1283 sub
1778 1221 1844 1284 T
1848 1239 1951 1283 ra-

409 1321 579 1406 Jano
610 1364 641 1394 ,
685 1316 1014 1403 expedita
1069 1315 1274 1383 ratio.
1419 1313 1732 1395 Constat,
1812 1316 1950 1379 Ro·

393 1423 767 1500 ·mam'per
811 1413 1133 1477 incendia
1178 1413 1299 1477 sub
1350 1413 1666 1491 Nerone,
1739 1412 1952 1479 Vitel-

414 1510 556 1588 lio,
607 1509 775 1574 Tito
819 1528 1071 1596 magna
1105 1510 1440 1595 accepisse
1494 1511 1947 1590 detrimenta,

413 1607 721 1692 amplam
770 1606 951 1671 adeo
1036 1604 1529 1670 restitutionum
1587 1606 1947 1669 materiem

357 1711 370 1726 ·
413 1703 725 1767 habuiss‘e
770 1702 1053 1781 Titum,
1085 1714 1174 1765 ·et
1212 1702 1639 1772 successores..
1680 1773 1686 1778 ,
1766 1703 1944 1766 Mul-

407 1800 499 1864 tis
542 1798 698 1863 aliis
738 1797 1027 1883 profusis
1079 1800 1525 1881 conjecturis,
1578 1814 1651 1864 ut
1715 1819 1943 1865 novae

404 1895 566 1960 huic
607 1895 976 1958 sententiae
1040 1895 1566 1980 aliquam-veri
1643 1897 1938 1983 speciem

406 1994 604 2057 daret
632 2038 654 2070 ,
705 1990 1120 2077 locupletem
1162 1993 1469 2060 omnium
1506 1991 1688 2058 istius
1737 1987 1964 2079 gene?

398 2091 497 2153 ris
544 2108 906 2154 numorum
951 2089 1340 2176 catalogum
1384 2088 1688 2170 instruit,
1742 2103 1812 2154 et
1839 2091 1931 2154 ad

327 2219 335 2227 ·
400 2183 693 2272 singulos
726 2195 1009 2266 monet,
1061 2181 1289 2269 quod,
1340 2199 1411 2250 et
1449 2189 1651 2271 quale
1724 2187 1933 2252 fuerit

403 2287 915 2346 monumentum
948 2278 1040 2343 ab
1075 2283 1495 2365 imperatore
1531 2283 1926 2363 restitutum,

404 2391 473 2445 et
517 2378 791 2462 quando
839 2373 1011 2438 istud
1058 2396 1150 2439 ex
1183 2378 1376 2459 typis
1425 2380 1723 2461 probare
1808 2402 1927 2443 ne-

396 2477 549 2562 quit
573 2521 594 2552 ‚
646 2472 834 2556 quod
867 2469 1014 2533 fere
1055 2470 1352 2562 semper,
1407 2473 1521 2537 sua
1559 2475 1617 2537 is
1654 2463 1940 2559 praesto⁸

400 2571 615 2639 habet
663 2568 957 2653 effugia,
1010 2588 1080 2632 v.
1123 2590 1184 2634 c.
1219 2566 1483 2647 statuit,
1529 2591 1927 2634 monumen·

281 2712 285 2716 <
398 2681 476 2737 ta
526 2667 806 2755 publica
838 2665 1129 2731 indicari
1174 2665 1382 2734 etiam
1419 2668 1504 2748 iis
1533 2670 1754 2755 typis,
1809 2670 1926 2754 qui

395 2764 654 2836 nonnisi
686 2762 1046 2847 symbolici
1080 2767 1300 2831 videri
1340 2767 1633 2853 possint,
1688 2766 1924 2852 quales

397 2865 581 2930 sunt:
637 2864 815 2927 duae
856 2882 1097 2927 manus
1133 2865 1445 2944 junctae,
1498 2865 1732 2949 aquila
1765 2882 1924 2941 con-

392 2959 789 3025 secrationis
851 2972 979 3022 etc.
1006 2960 1192 3053 ‚haec
1227 2962 1430 3043 igitur
1470 2981 1622 3024 cum
1671 2961 1923 3025 restitu-

404 3068 549 3121 eret
588 3056 1009 3140 imperator,
1063 3054 1343 3120 restituit
1393 3062 1808 3150 memoriam
1855 3080 1920 3122 e·

389 3156 540 3241 jus,
592 3153 710 3237 qui
783 3156 1202 3217 monumenti
1279 3168 1524 3219 auctor
1611 3154 1859 3221 exstitit
1897 3204 1918 3237 ,

393 3248 803 3333 restituendo
843 3251 1167 3314 unacum
1226 3255 1681 3317 monumentis
1740 3253 1919 3337 ipsos

394 3349 606 3412 etiam
675 3359 929 3432 typoS‚
993 3348 1105 3431 qui
1201 3348 1400 3411 haee'
1457 3349 1916 3435 designabant.

287 3485 296 3495 -
392 3443 590 3507 Haec
629 3456 873 3506 auctor
906 3443 1315 3506 clarissimus
1362 3444 1434 3505 in
1484 3446 1762 3528 prolixa
1793 3446 1918 3507 dis·

393 3536 798 3614 sertatione,
852 3557 1031 3619 quae
1053 3535 1266 3601 exstat
1299 3541 1366 3600 in
1387 3540 1596 3601 Mem.
1622 3532 1690 3602 d’
1717 3538 1915 3604 hiser.

393 3644 464 3696 et
490 3632 574 3696 Β.
617 3631 702 3696 L.
741 3632 1168 3696 Tom-xxl.
1205 3630 1290 3720 'p.
1337 3653 1536 3718 350,
1577 3643 1647 3697 et
1709 3635 1916 3698 Tora.

396 3728 643 3795 XXIV.
685 3747 754 3812 p.
805 3738 974 3804 204.

491 3824 703 3908 Quod
733 3824 1036 3909 primum·
1059 3840 1446 3892 occurrerat
1473 3827 1721 3893 summa
1759 3837 1915 3915 pro·

383 3923 577 3989 lixae
610 3923 750 4003 ejus
787 3921 1263 3987 differtationis
1305 3929 1538 4012 capita
1581 3926 1918 4005 volventi,

389 4032 539 4085 erat
577 4017 748 4087 illud
791 4018 1231 4102 Epicharmi,
1301 4043 1577 4135 nemaeo·
1631 4016 1916 4089 ἀπιστειν.

388 4118 600 4181 Adeo
641 4115 940 4200 [peciosa
984 4118 1047 4179 in
1098 4136 1180 4179 ea
1216 4118 1361 4182 sunt
1394 4121 1669 4199 omnia,
1717 4122 1914 4184 unius

392 4213 600 4297 digna
647 4212 979 4276 Harduini
1024 4214 1320 4299 ingenio.
1468 4214 1914 4303 Perstringam

3412 658 3550 724 ¹07

2026 854 2206 921 quae
2263 834 2401 922 ipse
2474 831 2595 898 fibi
2667 833 3031 917 objecerat.
3083 828 3148 915 ¹)
3246 829 3299 896 Ῐ.
3350 786 3592 901 Bona.¹

1991 930 2664 1002 ‚horumnumor-um
2702 951 2864 1017 pars
2929 930 3117 994 aliud
3168 928 3238 992 in
3304 935 3545 998 aversa

2032 1046 2172 1092 non
2204 1028 2438 1108 offert,
2489 1048 2699 1112 quam
2731 1029 2985 1091 nudum
3019 1019 3086 1091 S.
3139 1024 3253 1108 C„
3332 1049 3420 1092 an
3486 1043 3555 1095 et

2032 1122 2205 1188 istud
2238 1117 2455 1210 potest
2488 1124 2910 1189 monumenti
2951 1119 3228 1186 restituti
3258 1126 3409 1188 vice
3442 1147 3554 1191 ac·

2035 1220 2222 1308 cipi?
2266 1225 2528 1285 Auctor
2567 1222 2869 1286 eruditus
2910 1221 3069 1283 satis
3090 1219 3373 1306 verbose
3401 1215 3591 1292 eam'

2034 1329 2324 1382 conatur
2359 1317 2625 1401 mollire
2659 1316 3135 1382 difficultatem
3156 1363 3175 1393 ,
3231 1305 3295 1397 b)
3348 1319 3430 1381 iic
3454 1333 3555 1386 ta-

2032 1435 2229 1493 men,
2281 1425 2356 1480 ut
2390 1414 2543 1478 satis
2584 1427 2956 1502 appareat,
3030 1411 3421 1496 cymbulam
3484 1419 3557 1483 in

2031 1513 2222 1578 vado
2269 1510 2554 1580 destitui.
2652 1512 2738 1579 Π.
2803 1509 3036 1575 Exstat
3118 1530 3360 1578 numus
3448 1513 3553 1581 M.

2027 1609 2311 1673 Antonii
2356 1626 2508 1672 cum
2539 1621 2715 1694 typo
2741 1607 2897 1672 hinc
2937 1608 3174 1685 navia,
3224 1607 3413 1673 istinc
3482 1611 3557 1673 fi-

2029 1724 2317 1792 gnorum
2352 1705 2796 1784 militarium,
2848 1725 3049 1790 quem
3098 1708 3169 1770 in
3214 1708 3553 1792 argenteis

2024 1799 2344 1867 restitutis
2397 1800 2807 1888 postremum
2842 1801 3172 1889 descripsi.
3324 1806 3432 1867 An
3487 1816 3558 1870 et

2020 1899 2264 1977 navis,
2319 1911 2391 1962 et
2440 1897 2623 1984 ligna
2667 1912 3176 1963 monumentum
3213 1898 3409 1964 sunt?
3459 1923 3552 1969 an

2020 2008 2089 2060 et
2120 2014 2366 2059 manus
2423 1997 2740 2076 iunctae,
2791 1993 3225 2061 instrumenta
3272 1997 3544 2081 pontifi-

2016 2091 2197 2158 calia
2231 2135 2259 2171 5
2302 2090 2599 2172 fiumen,
2666 2092 2995 2176 aliaque?
3069 2091 3224 2180 Qua
3277 2097 3589 2180 ra'tione‘u

2014 2190 2106 2254 ab
2146 2189 2281 2255 hoc
2314 2189 2383 2254 se
2423 2189 2672 2273 laqueo
2725 2191 3049 2277 expedire
3106 2203 3393 2256 conatus
3437 2191 3537 2272 fit,

2009 2286 2248 2374 paullo
2289 2287 2492 2371 supra
2527 2288 2848 2368 diximuS,
2898 2300 3119 2354 utrum
3144 2308 3301 2353 vere
3315 2306 3542 2353 emer·

2008 2384 2167 2446 serit
2194 2429 2216 2460 ,
2269 2383 2635 2446 arbitretur
2669 2383 2906 2450 lector.
3006 2386 3209 2449 Addo
3246 2385 3365 2452 111.
3399 2384 3541 2450 Nu·

2010 2479 2109 2540 mi
2152 2476 2239 2539 D.
2279 2474 2595 2563 Augusti,
2645 2474 2925 2543 restituti
2958 2500 3003 2543 a
3036 2483 3239 2558 Tito,
3295 2481 3537 2545 Domi·

2007 2574 2200 2638 tiano
2226 2619 2246 2650 ,
2298 2572 2577 2651 Nerva,
2631 2574 2910 2638 eosdem
2955 2576 3148 2660 saepe
3186 2576 3255 2639 in
3297 2578 3538 2642 aversa

2007 2669 2268 2739 habent
2296 2682 2554 2756 typos,
2605 2669 2911 2753 aquilam
2948 2672 3156 2758 giobo
3221 2673 3338 2736 vel
3402 2673 3534 2739 ful-

2008 2769 2175 2832 mini
2214 2764 2657 2845 insistentem,
2707 2766 3006 2862 fulmen,
3060 2789 3266 2833 aram
3296 2770 3536 2837 Provi-

2009 2867 2327 2947 dentiae,
2380 2864 2660 2951 globum
2702 2883 2854 2929 eum
2879 2864 3365 2950 gubernacula
3420 2869 3535 2944 Se·

2007 2976 2257 3047 quetur
2317 2982 2477 3049 erge
2558 2982 2646 3025 ex
2689 2962 3001 3027 doctrina
3048 2962 3251 3028 ci.1e
3296 2964 3526 3051 Beau,

2006 3080 2243 3123 omnes
2280 3072 2417 3124 tres
2464 3048 2916 3145 imperatores
2965 3080 3102 3124 uno
3146 3061 3528 3146 eodemque

2003 3170 2448 3223 monumento
2481 3155 2888 3222 restituendo
2912 3157 3101 3221 fuiss'e
3125 3159 3526 3246 occupato&

2000 3254 2124 3319 W.
2176 3254 2549 3329 Verifimile
2589 3253 2717 3331 est,
2770 3253 2956 3319 urbis
2995 3257 3365 3335 incendia,
3412 3269 3535 3321 aut
3570 3254 3599 3343 '-

2003 3370 2251 3417 aevum
2304 3371 2441 3415 non
2478 3352 2688 3415 modo
2733 3354 3094 3461 corrupisse
3130 3374 3526 3419 monumen·

2000 3461 2073 3512 ta
2114 3450 2536 3533 principum,
2588 3447 2698 3509 sed
2734 3449 2942 3511 etiam
2972 3447 3323 3514 iliustri-um
3353 3453 3524 3544 reip.

2002 3544 2352 3620 virorum,
2406 3543 2641 3627 qualia
2677 3544 2890 3606 multa
2926 3545 3193 3607 Romae
3236 3548 3527 3633 stetere,

1998 3639 2310 3723 Pompeji
2345 3640 2488 3717 M.,
2541 3640 2644 3703 M.
2692 3639 2977 3724 Lepidi,
3029 3639 3303 3721 Scauri,
3357 3645 3526 3708 alio·-

1999 3754 2327 3818 rumque..
2409 3735 2724 3809 Vidimus
2765 3755 2850 3799 ex
2890 3728 3201 3820 praefixo
3261 3739 3529 3802 catalo-

2001 3851 2088 3919 go
2116 3881 2151 3914 ,.
2190 3830 2369 3895 solos
2416 3831 2761 3918 principes
2782 3833 3149 3896 memorari
3186 3855 3230 3898 a
3268 3833 3523 3899 restitus

2000 3927 2278 3993 toribus.
2334 3929 2542 4008 Tito,
2605 3928 3056 4010 Domitiano,
3106 3929 3364 3998 Nerva.
3416 3937 3529 4000 An

2001 4046 2167 4112 ergo
2204 4026 2277 4089 hi
2306 4043 2597 4089 unorum
2640 4027 3021 4113 principum
3063 4047 3276 4115 opera
3346 4029 3522 4095 resti·-

1997 4134 2270 4187 tuerunt
2309 4122 2571 4187 omissis
2653 4126 3081 4210 privatorum
3140 4127 3459 4214 operibus
3500 4177 3524 4212 ,

1997 4241 2287 4304 quorum
2326 4220 2607 4287 tandem
2656 4220 2996 4285 miseratio
3035 4227 3291 4308 ceperit
3342 4222 3520 4291 Tra*

391 4311 680 4393 paucis,
735 4329 985 4391 quae}
945 4308 985 4371 f
995 4311 1159 4375 dem
1190 4312 1395 4397 piane
1426 4312 1702 4379 elevant
1731 4334 1911 4378 com·
1987 4320 2221 4400 janum
2248 4322 2291 4385 ἱ),
2377 4321 2475 4382 V.-
2508 4321 2949 4401 Argumento
2983 4322 3204 4404 petito
3253 4343 3340 4384 ex
3393 4341 3519 4387 nu-

384 4406 787 4469 memoratis
825 4407 1120 4491 primum
1195 4407 1373 4472 binis
1440 4413 1853 4499 argumentis
1896 4458 1917 4492 ,

1997 4435 2181 4495 mo,.
2210 4417 2326 4499 qui
2372 4414 2782 4506 inscribitur:
2831 4415 3128 4483 DIVVS.
3165 4416 3521 4500 NERVA,

402 4614 714 4687 ,qad-
748 4616 1118 4682 ‘samm
1150 4635 1213 4692 ῃ.
1243 4596 1426 4689 349..’

1558 4617 1619 4688 b)
1652 4620 1692 4678 1.
1727 4637 1871 4695 c..p.
1903 4639 2054 4694 392..

2963 4703 3135 4772 ΟΩ»
