4175 5450
749 639 877 712 19⁸
1214 729 1227 738 ⁸
1536 605 2243 734 cREvaqlA.
2381 605 3060 690 CRITONIA.

746 821 1004 890 Ioniam
1056 834 1293 880 reeens
1343 833 1386 877 a
1439 814 1493 876 1.
1538 811 1822 878 Caesare
1894 814 2259 878 deductam
2343 811 2415 876 sti
2459 813 2659 877 deam
2692 811 2996 896 aliquam
3026 811 3382 889 marinam,
3434 825 3715 901 propter
3745 837 3847 880 ne·

742 927 1008 981 notant.
1111 912 1269 995 Qua
1303 912 1529 976 edicta
1568 910 1889 974 sententia
1920 909 2260 976 confiden·
2342 930 2506 974 xum
2546 930 2698 973 oum
2748 922 2940 994 parte
2985 909 3222 973 aversa
3293 909 3507 974 nullus
3592 914 3845 980 dubito.

743 1023 848 1075 ter
934 1011 1193 1094 arguit,
1249 1005 1611 1070 Coss'utium
1693 1018 1760 1068 et
1824 1005 2259 1091 Crepereium
2344 1008 2862 1089 Havercampus
2900 1017 3154 1069 certam
3203 1008 3530 1070 Venerem
3572 1011 3842 1093 Anady-

742 1110 1003 1194 primos
1066 1104 1253 1167 fuisse
1301 1101 1416 1166 sub
1460 1102 1512 1164 1.
1550 1101 1835 1165 Caesare
1878 1091 2031 1185 ejus'
2074 1102 2259 1165 colo·
2344 1122 2630 1166 omenen
2680 1099 2848 1165 facit
2896 1102 3241 1188 persuasus
3277 1121 3404 1181 eo,
3459 1105 3640 1188 quod
3679 1106 3845 1192 hanc

740 1206 897 1269 niae
939 1203 1232 1276 Ilviros,
1321 1218 1405 1261 ac
1490 1199 1780 1280 denique
1859 1197 2138 1282 gloriari
2192 1198 2255 1260 se
2339 1218 2609 1282 quoque
2650 1201 2718 1261 in
2753 1199 2971 1261 numis
2995 1196 3305 1261 Corinthi
3335 1218 3689 1264 occurrere
3730 1200 3840 1267 stas

738 1301 924 1388 pofl’e
973 1297 1378 1371 arbitratur,
1427 1294 1584 1356 huic
1627 1293 1689 1355 se
1732 1295 2023 1371 denario⁴
2060 1295 2255 1379 igno·
2335 1299 2507 1377 tuit,
2558 1296 2740 1379 quod
2777 1295 2990 1380 ipsum
3039 1296 3339 1357 nondum
3389 1295 3547 1359 satis
3614 1300 3841 1383 explo-

741 1409 881 1466 tam
922 1393 1247 1460 haetenus
1291 1403 1378 1456 ex
1421 1389 1751 1456 historicis
1787 1390 2003 1454 lucem
2061 1390 2255 1454 adfu·
2334 1404 2582 1458 ratum.
2682 1391 2942 1453 Eruditi
2965 1402 3392 1454 enarratores
3425 1403 3860 1476 gemmarum-

738 1491 920 1555 diss'e.
1029 1486 1371 1554 Haecine.
1470 1486 1856 1564 Praetereo,
1882 1508 2055 1573 quae
2081 1488 2250 1552 m‘ul·
2337 1490 2528 1553 ducis
2577 1485 3065 1552 Aurelianenfis
3103 1486 3492 1551 Leandrum
3528 1488 3657 1553 hac
3695 1510 3862 1574 pro·,

736 1600 811 1654 ta
849 1585 1159 1670 singulari
1193 1585 1350 1650 huic
1384 1585 1734 1648 doctrinae
1800 1586 2021 1650 videri
2102 1583 2247 1669 pos·
2326 1598 2516 1648 tome
2562 1584 2932 1668 expressum
2974 1582 3340 1648 adfirmant
3367 1632 3390 1662 ,
3439 1582 3505 1665 ⁸)
3557 1583 3672 1650 sed
3725 1590 3867 1660 vix.

732 1683 880 1747 sunt
932 1695 1362 1766 repugnarem·
1428 1678 1737 1744 Sufficiat
1786 1682 2068 1759 dixisse,
2122 1681 2245 1746 hos
2329 1679 2805 1767 persuaserint,
2858 1699 3017 1744 nam
3039 1680 3127 1742 'in
3166 1694 3362 1765 parte
3427 1683 3658 1746 antica
3727 1704 3838 1748 nu·

737 1777 1080 1863 Crepereii
1121 1796 1362 1844 numos
1419 1796 1653 1844 omnes
1725 1779 1852 1841 ess'e
1898 1778 2189 1843 serratos
2223 1825 2244 1855 ,
2330 1797 2596 1840 morum
2650 1775 2846 1857 hujus
2918 1774 3146 1839 classis
3199 1777 3320 1872 νίζε
3394 1777 3532 1853 alia
3602 1779 3842 1846 videas

734 1878 920 1954 cujus
967 1876 1228 1960 generis
1269 1888 1488 1940 utrum
1538 1875 1724 1940 numi
1772 1875 1982 1959 aliqui
2028 1887 2244 1939 extre·
2329 1877 2563 1959 capita
2595 1885 3074 1957 praeterquam
3112 1874 3396 1941 deorum
3423 1921 3444 1950 ,
3497 1887 3618 1938 aut
3660 1878 3840 1940 viro·

729 1990 846 2035 mo
887 1969 1193 2036 Caesarie
1250 1992 1430 2040 anuo
1491 1969 1908 2049 exstiterint,
1979 1972 2248 2035 Haver-=
2330 1990 2478 2033 rum
2512 1966 2900 2044 illustrium,
2954 1983 3074 2033 aut
3105 1971 3494 2055 geniorum,
3565 1973 3842 2037 minime

732 2079 1212 2153 campus'ante
1268 2067 1718 2152 comprobet,
1770 2088 1853 2132 ac
1908 2081 2095 2151 tum,
2179 2085 2268 2131 u-·
2329 2086 2496 2130 vero
2545 2070 2685 2148 ejus
2731 2070 3032 2151 generis,
3084 2069 3272 2146 cujus
3319 2066 3451 2131 fuit
3529 2067 3846 2134 Leander
3889 2088 3900 2098 ·

722 2174 905 2232 trum
991 2164 1292 2251 reliquae
1343 2168 1771 2248 conjecturae
1808 2163 2008 2229 ·ferri
2099 2163 2247 2250 pos·
2331 2162 2419 2227 ab
2451 2183 2587 2230 una
2622 2165 2879 2230 amoris
2917 2165 3316 2251 intemperie
3360 2165 3694 2253 cognitus.

726 2256 885 2339 fint,
939 2264 1423 2348 expendemus·
1523 2260 1603 2330 lu
1635 2276 1829 2349 parte
1886 2263 2116 2327 antica
2173 2259 2245 2325 fi-

1738 2540 2726 2625 ‹CREPVSIA

825 2741 1007 2811 Gens
1045 2747 1113 2810 in
1150 2747 1492 2812 veteribus
1542 2769 1783 2833 parum
1849 2750 2145 2835 cognita.
2881 2796 2918 2831 ,
3068 2746 3118 2809 ¹⁸.
3247 2794 3282 2835 f
3682 2814 3687 2818 .

1014 2844 1093 2907 L.
1141 2843 1493 2907 CENSOR
1504 2846 1619 2911 IN.
1689 2846 1889 2931 Caput
1953 2842 2243 2910 muliebre
2615 2841 2817 2930 Caput
2838 2844 3113 2933 juvenile
3163 2842 3513 2914 laureatum
3547 2849 3661 2937 seu
3735 2850 3841 2917 A·

1011 2940 1295 3003 velatum.
2605 2942 2853 3027 pollinis
2879 2988 2902 3016 ,
2945 2941 3048 3019 sen
3107 2941 3178 3005 V
3171 2946 3366 3029 ejovis
3392 2992 3412 3023 ,
3478 2966 3638 3031 pone
3700 2948 3840 3033 ste..

724 3033 801 3098 C.
849 3033 1234 3119 LIMQTA.
1283 3035 1355 3095 Ρ.
1408 3033 1808 3103 CREPVSI.
1883 3036 2122 3105 Mulier
2173 3036 2244 3100 ae'n
2433 3106 2434 3109 ,
2606 3047 2868 3123 perum,
2913 3058 3071 3121 prae
3106 3038 3203 3105 ἱΠο
3240 3050 3483 3106 mannia
3500 3043 3704 3130 figiHa
3724 3063 3835 3108 va-

724 3133 865 3196 citis
903 3129 1095 3212 bigis.
1196 3129 1342 3190 AR.
1399 3126 1473 3191 C.
2613 3136 2880 3211 riantia,
2921 3154 3084 3221 pone
3112 3133 3294 3202 litera
3327 3136 3660 3220 alphabeti.

833 3224 912 3287 L.
954 3223 1257 3287 Marcius
1299 3220 1737 3305 Censorinus,
1791 3225 1866 3295 C.
1896 3228 2245 3292 Mamilius
2323 3230 2400 3292 P.
2449 3226 2851 3294 CREPVSI.
2905 3233 3111 3317 Eques
3163 3235 3356 3297 citato
3405 3234 3578 3317 cuv-sic
3623 3236 3682 3296 d.
3715 3234 3836 3318 ja-

723 3320 1123 3385 Limetanus
1148 3367 1168 3397 ,
1222 3331 1288 3382 et
1324 3321 1400 3382 P.
1442 3319 1793 3408 Crepufius
1832 3324 2062 3388 Inviti
2097 3344 2240 3388 mo·
2321 3326 2519 3391 culum
2553 3325 2767 3393 vibrat
2791 3373 2811 3402 ,
2862 3329 2932 3391 in
2978 3347 3130 3393 area
3167 3334 3385 3395 variae
3411 3342 3596 3396 notae
3625 3331 3836 3399 arith-

725 3416 990 3483 netales
1030 3417 1102 3485 in
1143 3416 1250 3481 his
1289 3419 1585 3485 denariis
1630 3420 1956 3508 proposui
2006 3423 2241 3487 viden·
2320 3426 2590 3488 maricae.
2693 3424 2837 3487 AR.
2893 3421 2969 3487 C.

722 3524 857 3581 tur.
1324 3552 1331 3561 =
2419 3520 2685 3585 Horum
2727 3522 2906 3586 ratio
2947 3533 3270 3607 typorum
3304 3524 3588 3595 incerta.

1827 3797 2732 3923 CRITONJA

824 3990 1004 4059 Gens
1044 3992 1339 4080 plebeia.
2001 3996 2006 4001 ’
2315 4005 2450 4067 duo
2493 4004 2816 4090 patricii,
2868 4005 3156 4069 totidem
3211 4003 3486 4088 piebeii.
3618 4010 3711 4073 At
3765 4011 3829 4077 1.

1015 4090 1225 4155 AED.
1265 4091 1401 4159 PL.
1456 4093 1657 4180 Caput
1701 4095 1962 4164 vereris.
2316 4098 2561 4163 Caesar
2613 4101 2678 4160 in
2745 4100 3036 4165 Parthos
3113 4100 3539 4186 profecturus
3585 4108 3667 4175 V.
3748 4105 3838 4171 C.

726 4186 829 4252 M.
868 4186 923 4248 F
927 4188 1071 4251 AN.
1131 4188 1207 4253 L.
1242 4187 1481 4262 CRIT.
1530 4193 1679 4258 Duo
1722 4198 1848 4259 viri
1905 4199 2115 4280 togati
2137 4197 2235 4283 se-
2322 4216 2459 4276 710
2499 4195 2784 4279 plebeiis
2815 4197 3012 4262 ‚alios
3060 4199 3230 4260 duos
3276 4201 3571 4281 adjecit,
3653 4222 3840 4282 quos

727 4284 981 4359 dentes,
1031 4283 1199 4349 humi
1213 4287 1425 4373 spica,
1473 4290 1542 4352 in
1586 4310 1737 4354 area
1783 4293 1854 4357 P.
1890 4298 1972 4356 A.
2068 4292 2238 4356 Sunt
2321 4293 2593 4357 Cereales
2624 4297 2939 4370 vo‘cavit,
2995 4294 3306 4377 nimirum
3347 4298 3463 4379 qui
3512 4316 3844 4362 annonae

725 4381 874 4444 AR.
917 4382 1033 4443 vix
1073 4383 1155 4445 R.
1310 4430 1315 4437 .
2095 4416 2096 4421 ¹
2318 4388 2503 4473 urbis
2544 4391 2855 4459 intentius
2890 4392 3347 4475 providerent.
3403 4381 3462 4472 b)
3515 4390 3683 4455 Cum
3709 4395 3841 4457 Di-

819 4475 1072 4541 Libera
1127 4497 1268 4563 rep.
1314 4493 1607 4564 quatuor
1672 4480 1865 4545 fuere
1917 4481 2173 4547 aediles
2213 4531 2235 4564 ,
2320 4505 2449 4551 one
2491 4484 2816 4551 consentit
2853 4488 3268 4573 Pomponius
3308 4485 3630 4567 referenS,
3656 4488 3850 4555 Cae-

792 4687 848 4752 ι)
884 4684 1055 4745 Τοιιι,
1087 4685 1135 4737 1.
1170 4702 1229 4759 p.
1268 4704 1388 4759 294,
1582 4690 1640 4760 h)
1674 4691 1791 4748 Dio
1828 4684 1895 4749 1..'
1926 4695 2142 4752 xun.
2174 4713 2223 4758 ο.
2253 4715 2346 4770 5¹·
2447 4739 2452 4744 -
2547 4740 2552 4746 ·
