4175 5450
1238 580 1597 660 NVMI
1700 578 2619 660 CONSVLARES.
2729 670 2740 675 ,

364 790 440 842 at
461 795 603 843 non
648 779 1026 866 argenteis,
1078 782 1185 848 red
1220 787 1465 850 aureis.
1566 786 1724 849 Non
1765 784 1877 850 hic

362 887 561 960 potes
618 895 1009 962 opponere,
1081 895 1497 946 memoratos
1542 901 1696 944 cum
1743 882 1877 945 hoc

360 981 537 1058 typo
576 986 931 1057 argenteos
965 981 1292 1061 temporis
1329 979 1573 1058 injuria
1600 978 1877 1042 interiis-

357 1064 423 1128 se
445 1089 467 1140 3
536 1088 699 1131 nam
741 1090 893 1134 cum
956 1076 1317 1157 praedicas
1331 1124 1353 1159 ,
1417 1077 1878 1146 victoriatum

356 1165 606 1225 mercis
644 1162 801 1230 loco
842 1168 1195 1249 habitum,
1247 1166 1500 1236 necefl'e
1542 1169 1693 1251 est„
1722 1192 1877 1235 eum

362 1256 502 1321 hac
539 1272 766 1326 aetate
796 1262 989 1329 fuiss'e
1023 1268 1368 1353 copiosum
1393 1315 1413 1347 ‚
1465 1279 1535 1332 et
1557 1268 1878 1343 obvium3

361 1351 455 1416 nn
486 1352 697 1436 istud,
747 1379 886 1424 non
920 1376 1196 1447 poterat
1225 1385 1362 1427 non
1392 1362 1596 1448 justus
1640 1383 1877 1428 eorum

357 1467 680 1517 numerus
753 1459 844 1519 ad
912 1478 1038 1522 nos
1109 1464 1508 1546 pervenire,
1599 1461 1876 1545 quando

364 1558 561 1609 tanto
600 1569 882 1625 numero
916 1549 1333 1622 victoriatos
1371 1576 1614 1622 aureos
1644 1576 1879 1642 regum

364 1640 825 1713 Macedoniae
877 1650 1210 1716 habemus
1249 1652 1643 1741 superstites,
1740 1654 1881 1715 Ne·

367 1734 547 1847 scin,
599 1753 841 1831 -utrum
864 1750 1600 1835 quantacunquePlinii
1646 1761 1880 1813 aucto-

367 1845 579 1918 ritaS,
644 1842 830 1921 cujus
876 1846 1161 1909 oracula
1207 1868 1345 1912 non
1385 1867 1543 1910 raro
1589 1844 1880 1936 fallunt,

363 1942 551 1993 certe
595 1931 665 1996 in
701 1936 836 2001 hoc
860 1941 958 2003 de
1002 1957 1278 2009 moneta
1299 1947 1379 2010 R.
1411 1956 1706 2010 tractatu
1746 1942 1882 2005 Oe-

360 2026 603 2110 dipum
654 2030 853 2118 saepe
901 2039 1295 2125 requirunt,
1364 2052 1621 2121 certam
1670 2036 1882 2127 possit

369 2125 864 2207 experientiam
917 2133 1212 2201 elevare.
1310 2138 1448 2200 Nifi
1505 2137 1708 2222 igitur
1761 2145 1883 2198 aut

364 2216 627 2303 lapsum
660 2229 1035 2309 memoria,
1087 2244 1205 2295 aut
1236 2237 1561 2319 ignavum
1598 2232 1732 2295 hoc
1777 2231 1882 2294 lo-

372 2331 457 2375 co
503 2315 793 2380 velimus
842 2322 1068 2386 dicere
1114 2327 1453 2407 Plinium,
1522 2326 1881 2390 verisimile

371 2405 509 2485 est,
555 2410 871 2475 illustrem
904 2417 1084 2481 hunc
1120 2422 1555 2507 scriptorem,
1607 2423 1723 2504 qui
1762 2439 1883 2503 per

322 2547 326 2552 ·
373 2504 718 2568 duriorem
766 2514 1150 2578 orationem
1206 2517 1325 2580 fibi
1371 2518 1570 2601 saepe
1612 2526 1886 2578 tantum

370 2600 488 2664 uni
516 2601 894 2668 intellectus
927 2606 1040 2687 est,
1090 2611 1392 2696 spectato
1422 2612 1637 2680 folum
1655 2610 1884 2676 Victo-

371 2698 518 2760 riae
554 2709 730 2786 -typo
786 2722 1034 2769 numos
1078 2711 1466 2796 peregrinos
1515 2730 1618 2773 ex
1654 2709 1885 2772 Mace-

371 2793 590 2857 donia
640 2818 769 2882 per
820 2792 1176 2884 Illyricum
1239 2807 1655 2870 adventitios
1731 2823 1886 2867 cum

278 2973 287 2982 ἣ
375 2889 708 2958 Romanis
755 2902 1089 2982 argenteis
1131 2902 1410 2966 voluiss'e
1454 2919 1887 2987 componere.

384 3065 403 3082 t
467 2991 560 3049 At
592 3008 927 3072 quosnam
951 2996 1208 3062 Plinius
1244 3017 1488 3062 numos
1527 3001 1883 3062 Romanos

373 3095 734 3167 argenteos
785 3088 1323 3158 victoriatorum
1362 3095 1637 3157 nomine
1687 3091 1885 3156 intel·

378 3177 571 3265 ligit?
619 3199 758 3245 non
790 3199 972 3250 certe
1005 3190 1666 3273 denarios,¹quorum
1696 3188 1889 3274 paul-

374 3274 447 3338 lo
500 3274 703 3339 altius
752 3291 963 3365 typos
1019 3287 1373 3351 recitavit:
1442 3296 1598 3352 nota
1634 3287 1889 3370 argenti

357 3371 548 3457 fuere
603 3371 789 3458 bigae
836 3390 1024 3467 atquc
1060 3383 1438 3468 quadrigae.
1536 3382 1754 3444 Fuiss'e
1802 3380 1889 3443 fic

375 3468 766 3551 appellatos
808 3478 1195 3557 quinarios,
1247 3478 1486 3540 diserte
1517 3477 1765 3561 colligo
1801 3496 1889 3539 ex

376 3561 653 3625 volufio
686 3566 1102 3650 Maeciano,
1155 3570 1271 3634 etii
1294 3583 1361 3633 et
1395 3570 1506 3632 hic
1528 3615 1549 3646 ,
1596 3570 1888 3632 Plinium

373 3655 564 3719 haud
599 3658 804 3723 dubie
841 3666 1083 3728 ducem
1117 3665 1376 3729 secutus
1398 3711 1420 3744 ,
1470 3665 1892 3730 victoriatos

371 3754 805 3839 peregrinum
861 3780 1140 3824 numum
1198 3761 1359 3838 loco
1399 3761 1645 3824 mercis
1697 3757 1890 3822 fuiss'e

376 3848 670 3915 adserat.
772 3854 883 3920 Ita
916 3856 1031 3920 hic
1054 3857 1355 3942 Joquens
1397 3858 1482 3921 de
1523 3857 1697 3920 affe:
1775 3854 1890 3921 Va·-

374 3949 692 4012 ctoriatus
719 3968 879 4017 nunc
925 3953 1287 4019 tantundem
1323 3954 1488 4019 valet
1504 3999 1529 4032 ,
1593 3960 1894 4041 quantum

375 4044 715 4128 quinaria-5
745 4048 891 4113 otim
913 4098 933 4130 ‚
984 4069 1060 4115 ac
1087 4052 1466 4136 peregrinus
1497 4068 1721 4139 nunnus
1760 4045 1890 4113 loro

375 4141 593 4220 mercis
612 4187 633 4219 ‚
683 4147 780 4208 uti
805 4166 966 4212 nunc
986 4142 1535 4222 tetradrachmum,
1586 4154 1646 4209 et
1671 4141 1891 4210 drach·

380 4257 486 4300 ma
513 4234 883 4307 habebatur.
981 4241 1306 4309 Denarius
1339 4245 1548 4327 primo
1590 4233 1739 4331 affixi·
1786 4241 1892 4307 de-

380 4354 502 4397 cem
537 4332 790 4401 valebat
802 4355 825 4416 *‚·
877 4337 1039 4403 unde
1070 4347 1129 4402 et
1164 4356 1381 4402 nomen
1414 4340 1644 4403 traxit.
1741 4337 1891 4424 Qui-

382 4430 612 4493 narius
624 4432 946 4497 dimidium
971 4435 1128 4520 ejus,
1180 4433 1248 4498 id
1276 4435 1389 4522 est.-
1436 4436 1704 4520 quinque
1722 4431 1891 4523 uffae,

452 4650 511 4716 a)
542 4645 648 4719 'pro
684 4646 919 4700 Fonteio
956 4663 1003 4700 e.
1038 4664 1094 4716 5.
1284 4643 1345 4718 b)
1379 4644 1450 4706 L.
1485 4645 1669 4707 XLV.
1702 4661 1752 4698 e.
1786 4658 1907 4724 43..

3402 614 3485 664 21

1961 782 2123 852 unde
2169 793 2229 850 et
2269 786 2388 874 ipse
2422 790 2702 851 vocatur.
2801 783 2989 851 Nunc
3024 784 3478 874 denarias-fix·

1963 884 2152 948 decim
2168 932 2189 966 ,
2258 886 2634 948 victoriatus
2680 891 2739 946 et
2777 886 3107 969 quinarius
3159 896 3293 957 octo
3331 885 3484 974 affe:

1961 980 2147 1043 valet.
2251 981 2351 1042 En
2393 979 2827 1044 victoriatum
2869 981 3166 1062 ejusdem
3221 983 3472 1066 ponde-

1962 1078 2057 1139 ris
2101 1096 2183 1141 ac
2219 1076 2478 1141 valoris
2516 1094 2669 1137 cum
2712 1076 3064 1161 quinario,
3137 1076 3277 1138 solo
3329 1088 3477 1139 tan-

1962 1174 2434 1257 tumn-omine
2505 1172 2863 1255 diversum.
2989 1175 3478 1255 Argumentum

1962 1269 2154 1333 aliud
2187 1270 2384 1346 satis,
2438 1280 2513 1330 ut
2550 1280 2719 1352 puto
2745 1314 2763 1346 ‚
2817 1278 3048 1352 aperte
3089 1265 3330 1330 sufficit
3365 1266 3475 1331 Ci-

1929 1376 2143 1428 cero.
2191 1371 2248 1443 ⁸)
2300 1363 2641 1429 Refellens
2685 1363 2796 1426 hic
2833 1364 3171 1444 objectum
3223 1363 3476 1427 crimen

1963 1476 2247 1547 propter
2309 1460 2688 1547 portorium
2759 1460 2902 1523 vini
2957 1456 3319 1521 institutum
3384 1458 3484 1522 iic·

1965 1558 2114 1620 ait:
2193 1561 2404 1644 itaque
2451 1559 2764 1635 Titurium
2839 1555 3084 1643 Tolosae
3136 1564 3481 1640 quaternos

1927 1734 1931 1738 .
1963 1653 2258 1718 denarios
2292 1657 2358 1717 in
2388 1651 2676 1740 singulas
2713 1654 2847 1716 vini
2883 1648 3220 1735 amphoras
3245 1660 3477 1734 porto-

1962 1752 2051 1815 rii
2103 1753 2345 1815 nomine
2381 1745 2635 1837 exegzffe
2657 1794 2677 1824 ,
2755 1747 3031 1812 Crodar‘n‘
3077 1748 3392 1839 Porcium¹
3419 1754 3483 1811 et

1964 1845 2266 1913 Niamium
2336 1855 2546 1911 ternos
2586 1846 2959 1909 victoriatos
2975 1892 2997 1927 ,
3091 1839 3470 1908 Vulchalone

1962 1940 2304 2009 Servaeum
2327 1940 2854 2029 *binosfistertioa
2952 1940 3302 2003 Memorat
3341 1937 3482 2001 hoc

1962 2040 2125 2103 loco
2173 2038 2413 2104 Cicero
2450 2038 2808 2114 denariOS,
2859 2032 3304 2117 victoriatoe,
3387 2032 3490 2095 se-

1966 2134 2252 2207 stertios,
2349 2133 2486 2198 Nifi
2512 2131 3007 2217 quinariisunt,
3056 2149 3233 2214 quos
3261 2130 3478 2193 victo-

1958 2235 2182 2296 riatos
2221 2230 2563 2319 appellat,
2639 2230 2744 2292 cui
2773 2239 2970 2292 erunt
3021 2236 3335 2290 monetae
3386 2226 3479 2291 R.
3541 2284 3544 2289 .

1967 2329 2196 2412 generi
2229 2326 2736 2402 contribuendi‚
2783 2343 2942 2387 cum
2984 2323 3193 2421 aliam
3251 2341 3480 2385 mone·

1966 2434 2114 2484 tam
2157 2435 2548 2506 argenteam
2586 2439 2724 2483 non
2771 2418 3132 2481 habuerint
3160 2417 3486 2501 Romani,

1970 2528 2457 2601 praeterquam
2509 2514 2867 2597 denarios,
2940 2512 3329 2595 quinarios,
3388 2512 3485 2576 se·

1971 2609 2277 2674 stertios?
2324 2611 2431 2674 Ex
2456 2610 2563 2673 his
2592 2629 2753 2695 ergo
2777 2655 2797 2687 ,
2848 2620 2919 2671 et
2958 2607 3281 2690 quoniam
3320 2625 3482 2691 pro-

1970 2707 2336 2786 bavimus,
2427 2708 2808 2773 Victoriam
2873 2703 3234 2790 proprium·
3293 2700 3488 2766 fuiss‘e

1973 2803 2439 2888 quinariorum
2479 2814 2747 2889 typum,
2795 2810 3026 2885 patet,
3075 2817 3230 2861 cum
3263 2790 3488 2861 victo‘·

1970 2902 2193 2964 riatos
2245 2898 2530 2987 legimus
2550 2946 2571 2978 ,
2648 2897 2997 2984 quinarios
3048 2894 3174 2960 ess'e
3239 2906 3482 2982 putan-

1970 2998 2128 3062 doc.

2066 3089 2515 3175 Posteaquam
2567 3089 2738 3152 haec
2796 3075 3187 3174 scripl'eram
3213 3135 3232 3167 ,
3298 3085 3484 3151 forte

1974 3189 2042 3251 in
2079 3189 2277 3251 binos
2311 3187 2495 3251 Livii
2525 3186 2719 3251 locos
2773 3185 3028 3262 incidi,
3101 3204 3188 3247 ex
3239 3182 3489 3269 quibus

1976 3285 2258 3370 collegi,
2323 3286 2464 3364 iam
2521 3280 2611 3345 ab
2662 3277 2797 3343 hoc
2848 3297 3018 3342 unos
3071 3281 3487 3364 eosdemque

1976 3400 2226 3445 numos
2278 3383 2419 3461 jam
2471 3376 2786 3460 Illyrica,
2858 3379 3000 3458 jam
3064 3375 3489 3442 victoriatos

1976 3477 2139 3541 dic-i.
2238 3474 2478 3537 Refert
2521 3475 2578 3535 is
2608 3488 2743 3533 uno
2773 3470 2974 3554 loco,
3004 3460 3062 3549 ι’)
3113 3473 3183 3534 in
3228 3472 3492 3556 praeda

1974 3571 2143 3634 victi
2170 3569 2398 3635 Gentii
2442 3566 2700 3652 Illyrici
2744 3567 2922 3651 regis
2984 3565 3174 3629 fuiss'e
3226 3567 3514 3651 argenti¹

1976 3665 2211 3750 [ignati
2259 3665 2586 3731 denarium
2631 3663 2765 3727 tria
2835 3659 3029 3727 millia
3048 3709 3068 3740 ,
3139 3671 3200 3726 et
3254 3672 3490 3727 centus»

1976 3761 2214 3846 viginti
2245 3762 2433 3827 miffi‘a
2478 3759 2681 3843 Illyrii
2723 3760 2999 3842 argenti.
3096 3758 3335 3821 Altero
3390 3755 3496 3821 lo·

1980 3876 2065 3921 co
2111 3868 2382 3936 narrat,
2405 3854 2468 3937 c)
2524 3853 2885 3919 Claudium
2919 3855 2987 3917 in
3022 3854 3370 3940 triumpho
3404 3854 3491 3916 de

1980 3950 2155 4017 Issris
2186 3953 2397 4017 tuliss'e
2444 3953 2772 4018 denarium
2807 3960 3073 4016 tercenta
3089 3951 3320 4039 septem
3357 3949 3493 4013 mil·
3547 4025 3560 4030 ,

1978 4049 2069 4114 lia
2088 4098 2112 4134 ‚
2161 4059 2217 4114 et
2253 4052 2653 4114 victoriatum
2694 4048 3012 4132 octoginta
3052 4037 3316 4134 quinque
3356 4046 3493 4110 mit-

1976 4145 2068 4211 lia
2100 4146 2538 4232 septingentos
2606 4143 2785 4209 duos.
2889 4145 3073 4209 Mira
3140 4145 3490 4209 enimvero

1978 4243 2049 4305 in
2084 4241 2191 4305 his
2232 4239 2870 4306 dictatisconfufio.
2973 4241 3319 4304 Memorat
3353 4241 3487 4325 pri·

1979 4357 2163 4402 mum
2196 4339 2540 4411 denarios,
2641 4341 2735 4400 At
2771 4340 2956 4421 cujus
2978 4336 3047 4397 hi
3090 4337 3303 4423 gentis
3345 4334 3491 4400 fue·

1973 4454 2046 4497 re
2080 4436 2407 4498 moneta?
2457 4453 2594 4496 non
2636 4435 2865 4519 utique
2908 4434 3227 4511 alteriuS,
3281 4451 3489 4517 quam

2066 4646 2115 4714 e)
2152 4645 2219 4698 L.
2254 4644 2407 4698 XLI.
2438 4662 2482 4698 c.
2527 4663 2611 4714 ¹3·
