4175 5450
707 690 798 760 74
1386 714 1399 729 ·
1655 659 1667 666 ’
1750 660 2809 761 PROLEGOMENA
2947 704 2961 717 ’

794 871 989 938 Num.
1030 892 1101 956 5.
1201 867 1462 953 Excepi
1528 867 1707 933 hanc
1764 866 2064 933 formam
2129 890 2217 935 ex
2299 866 2656 955 alphabeti
2692 865 3001 948 Graeci,
3052 877 3120 933 et
3169 869 3468 937 vidimus
3533 875 3826 945 eandem

700 968 831 1031 all'e
863 968 1078 1052 gentis
1121 965 1495 1042 Saufeiae‚
1550 984 1750 1051 quem
1810 966 2000 1029 dedit
2052 967 2213 1031 Mo-
2297 962 2601 1029 formam
2637 965 2709 1030 in
2747 965 2971 1031 numia
3010 964 3342 1049 Etruscis,
3395 971 3786 1040 Samniticis
3800 1025 3826 1064 ,

696 1064 950 1130 rellius.
1048 1061 1300 1128 Differt
1330 1064 1614 1126 amodo
1675 1063 1936 1148 primo,
2030 1063 2221 1146 quod
2305 1061 2525 1129 Oscis
3481 1108 3486 1115 .

604 1218 611 1223 .
696 1159 882 1223 linea
919 1160 1155 1226 media
1185 1180 1309 1249 per
1361 1176 1513 1224 crus
1571 1159 1925 1226 dexterum
1992 1160 2217 1226 conti-
2395 1158 2595 1225 Num.
2633 1179 2699 1229 2.
2735 1182 2809 1242 3.
2907 1154 3142 1223 Nolim
3163 1158 3552 1247 adfirmare,
3577 1179 3829 1233 utram-

695 1269 965 1323 nuatur.
1908 1276 1921 1293 ⁴
2066 1302 2078 1313 .
2305 1273 2440 1338 que
2486 1253 2669 1318 hanc
2726 1252 3027 1320 formam
3093 1255 3326 1320 valere
3408 1258 3678 1325 literam
3725 1264 3829 1343 L,

2295 1349 2469 1415 istud
2504 1363 2736 1416 tamen
2792 1363 3093 1431 certum,
3169 1352 3296 1417 ess'e
3358 1354 3644 1440 politam
3695 1380 3827 1445 pro

1410 1447 1510 1518 G..
2300 1444 2361 1510 L
2401 1459 2570 1512 nota
2612 1448 3091 1526 arithmetica,
3159 1446 3570 1534 significante
3638 1459 3830 1541 quin-

2300 1547 2652 1630 quaginta,
2703 1557 2778 1608 ut
2813 1557 3006 1632 patet
3030 1564 3119 1608 ex
3138 1547 3470 1625 numeriS,
3526 1551 3644 1632 qui
3679 1553 3832 1616 sunt

787 1644 989 1711 Num.
1038 1665 1092 1709 τ.
1150 1642 1509 1722 ‚Ejusdem
1559 1641 1840 1708 omnino
1880 1658 2034 1707 cum
2085 1654 2218 1708 ter·
2305 1640 2498 1704 obvii
2557 1641 2632 1704 in
2688 1640 2986 1704 denariis
3045 1642 3348 1727 gentium
3429 1640 3764 1713 Claudiae·
3801 1695 3829 1728 ,

684 1739 797 1804 ⁴tia
833 1739 1185 1825 alphabeti
1222 1736 1422 1803 litera
1466 1738 1767 1806 formae.
1866 1738 2003 1804 Sed
2043 1744 2215 1821 ejus·
2304 1734 2708 1823 Crepusiae,
2753 1736 3078 1814 Mariae,
3163 1736 3578 1823 Calpurniae
3643 1744 3828 1808 Piso-

696 1838 853 1901 dem
887 1839 1096 1900 etiam
1141 1835 1410 1901 formae
1461 1835 1595 1902 fuit
1646 1836 1816 1901 rin
1862 1833 2216 1900 vetustissi-
2299 1832 2453 1910 nie,
2521 1831 2970 1919 aliarumque.
3070 1835 3292 1917 vide,
3342 1854 3520 1917 quae
3572 1838 3658 1902 de
3715 1840 3830 1905 his

695 1956 811 2001 mo
857 1931 1276 1999 Graecorum
1336 1933 1715 2019 alphabeto
1771 1931 2043 1997 testibus
2094 1952 2212 1995 nu·
2298 1926 2544 1993 formis
2595 1931 2741 2012 iam
2814 1930 3308 2016 disputavimus
3373 1930 3688 2000 Sectione
3764 1937 3829 2008 Ι.

590 2080 599 2089 ·
692 2033 825 2098 mis
875 2030 1354 2117 antiquissimis
1391 2030 1784 2116 Agrigenti,
1835 2042 1903 2096 et
1953 2028 2214 2109 Gelae,
2301 2045 2457 2113 cap.
2499 2025 2624 2093 VI.
2673 2045 2833 2112 pag.
2888 2040 3012 2111 45
3161 2027 3350 2092 Nota
3381 2033 3645 2094 numeri
3683 2033 3830 2121 3in

690 2128 1062 2213 inscriptis·
1173 2126 1849 2205 ΑΚΡΑΕΛΝΤΟΣ,
1924 2138 1993 2190 et
2078 2127 2216 2191 CE·
2298 2122 2680 2209 alphabeto
2712 2123 3181 2203 Etruscorum,
3237 2134 3306 2187 et
3341 2125 3411 2186 in
3447 2127 3839 2210 pervetusta

695 2227 925 2303 ΛΑΣ,
979 2242 1196 2306 neque
1241 2223 1419 2287 adeo
1466 2221 1788 2301 dubium,
1840 2222 2018 2288 hanc
2071 2218 2213 2287 for-
2299 2218 2544 2287 tabula
2620 2238 2839 2283 aenea
2893 2218 3166 2289 Graeca
3220 2219 3429 2285 musei
3492 2222 3826 2356 Borgiani

695 2340 884 2385 marn
917 2340 962 2384 a
998 2316 1281 2384 Graecis
1318 2318 1507 2383 fuiss'e
1561 2319 1866 2404 petitam.
1964 2322 2220 2405 Atqui
2301 2317 2579 2407 ponitur
2631 2335 2759 2404 pro
2807 2315 2950 2385 chi.
3795 2355 3800 2360 ·

686 2414 958 2481 constat
998 2415 1083 2477 de
1156 2414 1511 2480 adfinitate
1555 2416 1794 2483 literae
1837 2415 1893 2479 C
1951 2436 2108 2482 eum
2164 2416 2256 2482 Γ·

696 2510 1162 2590 Graecorum,
1215 2523 1283 2574 et
1316 2509 1376 2575 G
1440 2512 1869 2577 Latinorum.
1986 2513 2065 2576 In
2119 2515 2218 2576 in·
3025 2510 3114 2577 P.

693 2604 1170 2696 scriptionibus
1213 2609 1546 2673 Romanis
1580 2608 2081 2691 antiquissimis
2110 2629 2219 2673 ra-
2459 2676 2472 2687 ,
2837 2643 2851 2660 ·

691 2727 775 2771 ro
813 2706 1055 2773 videas
1091 2704 1409 2791 scriptum
1445 2702 1500 2769 C
1536 2697 1673 2793 l'pro
1733 2703 1847 2768 G.-
1921 2704 2222 2790 Compa·
2404 2701 2708 2787 Vterque
2735 2698 2849 2767 hic
2886 2701 3130 2772 modus
3171 2701 3419 2786 obvius„
3471 2704 3548 2770 in
3607 2709 3834 2776 numia

690 2815 802 2865 ret
828 2801 914 2865 fic
950 2804 1020 2865 in
1055 2802 1375 2868 columna
1421 2799 1709 2865 rostrata
1742 2800 2025 2877 Duillii,
2097 2813 2218 2862 ut:
2307 2808 2459 2858 tam
2534 2799 3030 2878 consularibus,
3084 2807 3289 2887 quani
3386 2798 3834 2870 familiarum.

697 2895 1461 2970 CARTACINIENSIS
1521 2915 1649 2981 pro
1715 2891 2229 2957 CARTHAGI·
2303 2890 2631 2970 Ejusdem
2666 2889 2936 2958 formae
3000 2893 3089 2960 est
3117 2900 3328 2964 etiam
3370 2901 3432 2965 Π
3500 2899 3825 2968 vetustius

695 2992 1069 3072 NIENSIS.
1164 2993 1278 3055 Ad
1295 3010 1537 3055 numos
1561 2993 1746 3075 quod
1764 2990 2029 3070 attinet,
2049 2988 2229 3054 hanc
2310 2985 2669 3071 alphabeti
2712 2985 2985 3061 Graeci.

698 3086 1000 3153 formam
1044 3106 1181 3152 non
1218 3088 1440 3172 reperi
1483 3087 1554 3149 in
1596 3085 1819 3149 numis
1867 3084 2228 3150 consulari·

698 3187 830 3251 bus
880 3184 989 3247 seu
1031 3184 1366 3269 argenteis
1383 3232 1405 3266 ‚
1453 3182 1564 3245 seu
1602 3181 1853 3250 aeneis.
1952 3180 2227 3245 Invalu·
3034 3190 3123 3254 V.

700 3285 755 3350 it
785 3296 1019 3346 tamen
1048 3279 1250 3342 serius
1271 3303 1288 3351 ς
1342 3297 1501 3341 nam
1539 3277 1781 3364 legitur
1816 3278 1885 3339 in
1928 3277 2225 3342 denariis

700 3381 807 3445 M.
840 3376 1131 3462 Lepidi:
1186 3374 1530 3439 TVTOR.
1576 3373 1833 3438 REGIS
1887 3395 2015 3459 pro
2080 3375 2227 3439 RE·
2280 3415 2289 3424 ·
2410 3375 2609 3443 Hanc
2653 3377 2922 3458 literam
2953 3375 3213 3464 semper
3252 3379 3370 3446 fibi
3410 3377 3711 3448 constare
3733 3384 3840 3449 vi—

699 3475 846 3540 GIS
873 3522 894 3554 ,
948 3484 1014 3536 et
1060 3471 1308 3558 passim
1343 3473 1413 3535 in
1459 3470 1754 3534 denariis
1794 3471 1895 3535 M.
1942 3472 2226 3535 Antonii
2311 3472 2487 3553 deo,
2540 3485 3023 3562 praeterquam
3061 3476 3129 3539 in
3175 3477 3474 3543 denariis
3539 3482 3842 3565 Pompo·

700 3569 1020 3636 AVCVR
1054 3588 1181 3655 pro
1222 3565 1575 3645 AvGVR‚
1625 3567 1790 3630 item
1826 3567 1895 3630 in
1948 3566 2223 3651 quibus·
2314 3571 2411 3634 nii
2451 3572 2733 3655 Musae,
2784 3570 2855 3635 in
2888 3570 3131 3655 quibus
3176 3575 3593 3659 vocabulum
3647 3577 3847 3641 MV·

694 3669 867 3733 dam
921 3666 1216 3730 denariis
1262 3662 1555 3730 Livineii
1592 3662 1887 3751 Reguli,
1956 3676 2024 3727 et
2076 3663 2221 3730 Sul·
2305 3665 2422 3730 SA
2464 3666 2724 3753 semper
2777 3665 3080 3750 praefert
3125 3671 3223 3748 V,
3292 3692 3376 3736 ex
3442 3675 3630 3755 cujus
3690 3670 3841 3735 [ini-

696 3765 872 3852 picii
908 3761 1197 3827 Galbae.
2309 3760 2440 3825 stro
2480 3782 2671 3827 crure
2704 3762 2983 3854 superne
3033 3764 3294 3832 lineola
3336 3768 3712 3854 procurrit,
3765 3779 3872 3832 et.

809 3863 1009 3929 Num.
1059 3881 1122 3923 a.
1218 3857 1434 3939 Hujus
1500 3854 1769 3921 formae
1797 3854 1872 3921 G
1929 3855 2228 3923 occurrit
2313 3859 2499 3940 quod
2537 3848 2864 3943 singulare
2920 3855 3047 3942 est,
3110 3861 3296 3926 abest
3349 3864 3522 3927 haec
3575 3861 3845 3936 lineola.

707 3960 905 4043 saepe
941 3957 1010 4019 in
1062 3954 1287 4017 aureis
1321 3954 1788 4039 argenteisque
1853 3954 1955 4019 Μ.
2010 3960 2222 4019 Anto·
2312 3950 2403 4015 ab
2441 3954 2505 4015 V
2538 3953 2903 4018 verborum
2937 3954 3455 4038 HERCVLES,
3533 3971 3600 4023 et
3667 3959 3844 4023 MV-

705 4056 847 4131 nii,
901 4065 974 4114 ut
1008 4051 1238 4114 videre
1276 4050 1644 4137 praecipue
1681 4047 1770 4113 cst
1810 4049 1879 4118 in
1922 4053 2063 4136 eJus
2105 4070 2222 4115 nu·
2314 4047 2673 4128 SARVM,
2728 4069 2904 4134 quae
2942 4052 3187 4116 iisdem
3243 4057 3541 4121 denariis
3595 4055 3837 4119 inscri-

701 4151 840 4215 mis
899 4146 1313 4236 legionariis.
2313 4156 2438 4231 pta
2464 4143 2793 4232 leguntur.
2894 4146 3211 4214 Fueritne
3238 4149 3409 4217 istud
3438 4152 3698 4218 factum
3746 4168 3848 4216 ex

1885 4235 1897 4248 ’
2314 4251 2505 4306 certa
2548 4241 2785 4326 aliqua
2815 4241 3088 4328 linguae
3126 4247 3325 4310 causa
3351 4294 3370 4326 ‚
3425 4268 3513 4312 an
3550 4269 3638 4311 ex
3686 4244 3850 4311 sola

1416 4339 1497 4403 L,
2307 4338 2681 4403 monetarii
2711 4337 2989 4424 privata
3019 4339 3327 4471 libidine,
3346 4345 3547 4429 plane
3564 4344 3847 4430 ignoro.

810 4539 1006 4605 Num.
1059 4553 1113 4600 r.
1216 4531 1451 4597 Obvia
1479 4532 1707 4597 forma
1740 4533 1807 4595 in
1840 4529 2123 4609 assibuS,
2161 4544 2229 4595 et
2414 4529 2502 4593 ΙΙ.
2531 4484 2978 4595 Αιοὴειίειιῖοε
3031 4532 3102 4596 in
3158 4491 3521 4602 scribendis
3602 4535 3848 4605 verbis

717 4635 1013 4701 denariis
1069 4630 1285 4717 gentis
1325 4629 1624 4706 Atinae,
1693 4641 1838 4691 tum
1906 4641 1972 4691 et
2055 4616 2231 4698 aliia.
2322 4623 2614 4689 offerunt
2646 4627 2967 4714 exempla
3009 4629 3392 4714 sequentiaz

718 4732 829 4797 Sic
869 4731 1074 4794 etiam
1130 4727 1533 4812 perantique
1566 4723 1874 4789 scribitur
1908 4722 2230 4789 Lambda
2418 4725 2534 4787 Al.
2577 4744 2706 4814 pro
2745 4725 2891 4792 ΑΕ.
2932 4723 3058 4792 fic:
3139 4727 3549 4811 AIMLLLA,
3645 4725 3852 4793 CAI-
