4175 5450
1610 603 2229 721 AEMILIA.
2286 617 2343 746 j

370 848 681 919 Caesaris
734 843 1273 934 consanguinea,
1339 842 1619 910 Paullus
1689 844 1891 932 Lepi·

371 952 496 1016 dus
537 967 660 1036 per
704 967 989 1012 uxorem
1023 944 1417 1008 Corneliam
1457 943 1682 1006 eidem
1725 942 1893 1006 adfi-

369 1049 478 1110 nis
513 1048 584 1110 in
636 1063 887 1129 magna
923 1054 1066 1105 tum
1107 1039 1403 1105 nominis
1439 1038 1753 1134 claritate
1789 1037 1894 1103 fu·

371 1162 483 1207 ere
510 1189 530 1220 ‚
586 1160 793 1225 quam
827 1139 1021 1204 auxit
1059 1140 1268 1202 etiam
1303 1135 1724 1222 Propertius,
1778 1136 1920 1221 qui·

369 1239 810 1303 tenerrimam
852 1232 1104 1321 scripfit
1148 1234 1439 1320 elegiam
1467 1279 1488 1310 ‚
1543 1251 1682 1317 qua
1726 1229 1894 1297 Cor-

368 1335 636 1400 neliam'
669 1331 909 1419 fingit,
962 1349 1116 1395 cum
1169 1342 1614 1417 praematura
1676 1339 1897 1394 morte

368 1431 633 1497 obiiss‘et
657 1477 677 1509 ,
732 1428 962 1493 mariti
996 1429 1221 1492 Paulli
1251 1428 1506 1491 luctum
1540 1429 1896 1492 moderan-

368 1539 534 1596 tem.
585 1525 650 1610 ⁸)
748 1529 1018 1588 Annum
1061 1527 1306 1597 mortis
1337 1521 1484 1612 ipsa
1517 1524 1587 1588 in
1621 1544 1703 1588 eo
1751 1543 1896 1587 car·

368 1626 553 1689 mine
616 1622 915 1702 indicat,
970 1615 1035 1706 ¹³)
1089 1639 1336 1712 nempe
1427 1622 1498 1686 in
1549 1619 1898 1688 consulatu

362 1719 638 1786 fratris:
1509 1725 1512 1730 ⁴
1683 1739 1688 1746 ·

469 1912 768 1983 Vidimus
797 1920 856 1976 et
881 1909 1167 1997 fratrem
1189 1910 1403 2003 sedam
1427 1887 1897 2003 gemInaſj'e'c-u-

563 2106 811 2195 Consule
849 2130 970 2196 quo
999 2108 1183 2196 sacto
1219 2011 1720 2194 tempor-5521}
1778 2108 1897 2198 so-

913 2231 918 2238 ·
1558 2227 1698 2272 ror.

371 2392 678 2461 Dubium
717 2411 857 2455 non
895 2391 987 2456 est
1015 2441 1036 2470 ‚
1085 2394 1264 2460 hunc
1328 2394 1690 2460 Corneliae
1758 2397 1897 2461 fra-

371 2495 549 2557 trem
587 2489 925 2573 consulem
959 2489 1149 2553 fuiss'e
1184 2493 1260 2554 P.
1306 2490 1700 2555 Cornelium
1760 2493 1898 2556 Sci·

369 2593 694 2679 pionem,
746 2607 948 2670 quem
987 2586 1139 2651 fasti
1203 2590 1292 2652 ad
1352 2608 1603 2654 annum
1667 2590 1751 2653 V.
1818 2588 1896 2654 C.

288 2732 292 2736 .
378 2699 515 2773 733
556 2698 964 2750 memorant.
1064 2683 1240 2749 Istud
1282 2685 1326 2750 fi
1361 2705 1640 2763 verum,
1693 2673 1902 2775 pluri-⁶

367 2803 556 2849 mum
600 2782 791 2844 valet
834 2785 923 2847 ad
967 2781 1424 2848 refellendum
1491 2782 1827 2848 Norisium
1876 2835 1899 2870 ‚

372 2881 490 2968 qui
523 2877 908 2944 Corneliae·
945 2880 1138 2960 hujus
1188 2872 1520 2944 maritum'
1559 2880 1901 2946 constituit

369 2977 453 3042 L.
493 2975 861 3039 Aemilium
907 2977 1220 3040 Paullum
1250 3028 1269 3056 ,
1321 2981 1436 3064 qui
1477 2980 1557 3043 V.
1612 2976 1716 3042 C.'
1756 2992 1900 3062 704

372 3071 601 3137 consul
636 3073 984 3156 processit.
1085 3070 1265 3158 Esto,
1316 3074 1506 3138 fuisse
1540 3075 1728 3138 illum
1750 3089 1895 3139 tum

371 3188 590 3235 annos
646 3183 878 3234 natum
931 3170 1185 3235 nonnifi
1237 3173 1554 3249 XXXV.,
1636 3174 1892 3237 necess'e

373 3268 497 3345 est,
555 3268 636 3332 V.
674 3267 751 3331 C.
798 3281 1004 3352 738„
1059 3289 1194 3353 quo
1233 3283 1504 3334 mortua
1546 3267 1893 3351 Cornelia,

366 3352 1139 3452 {niffe'octogenarium.
1241 3366 1355 3428 Sin
1389 3365 1594 3441 istud,
1647 3369 1893 3429 ridicu-

367 3459 444 3521 la
487 3461 637 3521 sane
678 3475 871 3523 erunt
903 3473 1270 3545 praecepta
1317 3460 1706 3525 aCornelia
1737 3461 1896 3524 filiis

374 3556 584 3629 data,
640 3558 886 3636 quibus
932 3560 1261 3617 rationem
1306 3555 1725 3641 praescribit,
1760 3577 1898 3638 qua

347 3649 798 3713 -observanda
839 3671 1139 3713 noverca
1168 3698 1186 3729 ,
1243 3651 1283 3714 fi
1323 3668 1526 3734 quam
1560 3664 1755 3735 pater
1799 3644 1895 3713 al*-

371 3746 536 3812 t'eris
581 3750 831 3831 nuptiis
870 3750 936 3810 in
986 3750 1266 3810 domum
1313 3750 1700 3822 induxerit,
1776 3761 1894 3815 aut

368 3842 770 3908 fl-maluerit
836 3835 1168 3907 coelibem
1247 3848 1462 3908 vitam
1547 3844 1930 3929 persequi,.

370 3942 697 4005 discerent
731 3953 1058 4007 venturam
1101 3945 1312 4029 patris
1332 3945 1476 4030 jam
1515 3962 1674 4007 nunc
1696 3944 1892 4029 senti·

3362 670 3501 737 ¹29

3238 847 3509 914 Deinde

1988 948 2151 1010 anni
2183 944 2452 1007 LXXX.
2490 961 2627 1007 non
2668 945 2810 1024 jam
2857 944 3003 1008 sunt
3055 947 3513 1035 ventur-asene-

1987 1052 2133 1122 εἰει,
2182 1040 2296 1103 sed
2338 1039 2599 1105 senecta
2656 1039 2823 1124 ipsa.

2001 1141 2014 1150 '
2084 1124 2606 1224 Pauui'Lepidi
2647 1138 2786 1201 duo
2842 1153 3310 1229 memorantur
3364 1139 3512 1210 filii.

1988 1235 2128 1304 Eos
2171 1235 2238 1296 in
2282 1234 2568 1298 laudato
2604 1235 2905 1298 carmine
2992 1233 3076 1298 fic
3144 1238 3517 1322 compellat

1987 1343 2215 1396 mater
2253 1329 2618 1395 Cornelia:
2679 1333 2764 1396 Te
2782 1330 3047 1417 Lepide,
3098 1343 3157 1399 et
3187 1345 3248 1399 te
3272 1335 3509 1414 Paulle,

1988 1449 2189 1495 meum
2215 1431 2350 1518 post
2369 1427 2530 1515 fata
2574 1428 2867 1493 levamen.
2969 1427 3186 1494 Fuere
3240 1431 3514 1516 ingenio

1985 846 2241 935 nuptiis
2270 841 2539 911 inhiare
2577 840 2723 909 sunt
2768 841 3102 932 suspicati.

1989 1525 2280 1605 multum
2318 1524 2644 1591 dissimili.
2678 1527 2779 1590 M.
2838 1526 3169 1591 Aemilius
3212 1526 3519 1612 Lepidus
3632 1543 3637 1550 ‘

1992 1641 2140 1694 cos.
2184 1624 2266 1686 V.
2344 1621 2418 1685 C.
2476 1644 2616 1708 ,759
2653 1623 2683 1701 ‚'
2727 1625 2912 1702 cujus
2970 1625 3517 1688 moderationem

1991 1718 2238 1784 extulit
2269 1718 2408 1805 ipse
2438 1716 2814 1806 Augustus,
2867 1715 3145 1805 quando
3185 1739 3392 1807 agens
3430 1722 3518 1786 de

1988 1816 2121 1893 iis,
2182 1818 2296 1901 qui
2335 1817 2597 1903 poss'ent
2633 1817 2896 1880 ambire
2954 1817 3359 1908 imperium,
3413 1818 3517 1884 M.
3579 1809 3589 1820 ⁸

1989 1912 2290 2000 Lepidum
2337 1915 2608 1979 dixerat
2651 1932 2930 1998 capacem
2949 1958 2970 1989 ,
3032 1914 3150 2000 [νά
3186 1915 3518 2001 aspernan-

1985 2021 2133 2080 tem·
2182 2007 2243 2093 ⁶)
2362 2007 2443 2074 L.
2494 2011 2824 2075 Aemilius
2880 2010 3156 2074 Paullus
3234 2030 3379 2079 ωε.
3450 2024 3519 2076 et

1983 2109 2126 2196 ipse
2159 2111 2244 2171 V.
2285 2106 2361 2172 C.
2398 2119 2541 2194 754
2575 2108 2862 2193 conlega
2899 2104 2972 2171 C.
3015 2106 3344 2184 Caesare,
3401 2107 3517 2173 sed

1989 2203 2363 2292 quiipsum
2398 2203 2765 2291 Augustum
2802 2200 3067 2286 inlidiis·
3098 2207 3344 2289 petivit
3367 2251 3386 2281 ,
3440 2216 3520 2270 ut

1988 2302 2201 2365 refert
2233 2302 2597 2366 Suetonius
2621 2349 2641 2380 ‚
2695 2292 2760 2383 ὅ)
2816 2322 2860 2365 a
2894 2322 3030 2386 quo
3059 2300 3330 2389 Augusti
3359 2321 3516 2388 pro·

1989 2418 2198 2482 gener
2232 2399 2667 2482 appellatum
2715 2418 2875 2462 nam
2935 2399 3179 2462 habuit
3211 2404 3516 2480 junctam

1990 2492 2431 2554 matrimonio
2490 2492 2735 2554 Iuliam
2785 2496 3133 2579 Agrippae
3178 2507 3244 2557 et
3295 2495 3512 2561 Iuliae

1987 2586 2203 2650 filiam
2241 2584 2511 2673 Augusti
2558 2595 2854 2672 neptem.

2088 2683 2284 2747 Haec
2332 2684 2523 2769 sunt,
2578 2703 2752 2768 quae
2801 2685 2886 2748 de
2942 2673 3185 2757 Paullo
3242 2687 3550 2773 Lepido·

1992 2803 2079 2847 ex
2122 2795 2427 2845 veterum
2463 2783 2917 2846 monumentis
2964 2786 3511 2867 animadverten-

1992 2881 2083 2943 da
2128 2878 2536 2942 videbantur
2564 2928 2585 2959 ‚
2637 2879 3025 2944 verifimilia
3070 2883 3226 2947 sane
3253 2933 3271 2963 ‚
3325 2887 3517 2949 dem·

1989 2990 2151 3062 pto,
2182 2974 2390 3060 'quod
2424 2976 2754 3061 spondere
2790 2978 3044 3062 nolim,
3113 2978 3301 3045 fuin'e
3360 3003 3516 3049 eum

1992 3073 2239 3158 Lepidi
2275 3070 2507 3135 Illviri
2547 3072 2855 3152 fratrem,
2885 3087 2959 3138 ut
2987 3070 3196 3139 visum
3229 3080 3518 3165 Pighio‚;

1986 3190 2146 3234 nam
2203 3170 2455 3251 video,
2509 3172 2813 3233 eruditos
2868 3173 3097 3258 plures
3152 3174 3310 3239 huic
3377 3176 3516 3239 sen·
3602 3174 3617 3181 ’

1985 3270 2241 3332 tentiae
2281 3270 2658 3343 contraire,
2712 3284 2794 3328 ac
2830 3272 3200 3357 praecipue
3238 3273 3553 3337 Perizo··

1984 3370 2193 3431 nium.
2246 3361 2307 3444 e)
2409 3361 2727 3425 Ceterum
2768 3364 2954 3427 aliud
2985 3366 3120 3429 lide
3157 3368 3314 3433 loco
3347 3390 3508 3455 pro-

1988 3462 2153 3524 bare
2187 3481 2322 3523 non
2367 3458 2716 3533 constitui,
2772 3479 2976 3542 quam
3018 3461 3354 3528 diversum
3408 3466 3539 3531 ab·

1989 3557 2283 3620 Aemilio
2327 3554 2571 3617 Norffii
2622 3554 2746 3616 ess‘e
2805 3555 3116 3617 Paullum
3171 3552 3513 3644 Lepidum
3644 3596 3653 3607 ·

1986 3653 2121 3715 hoc
2166 3652 2438 3715 nomine
2471 3671 2511 3714 a
2557 3650 2902 3713 veteribus
2958 3653 3345 3736 proditum,
3442 3668 3513 3720 et

1985 3747 2069 3809 fic
2108 3752 2314 3810 etiam
2353 3746 2736 3832 inscriptum
2785 3749 3050 3823 numi8‚
3103 3767 3274 3830 quos
3296 3750 3506 3815 modo
3543 3786 3547 3790 ·

1985 3844 2341 3927 recitabo,
2390 3855 2458 3907 et
2495 3862 2795 3929 quorum·
2828 3843 3029 3908 causa
3069 3843 3321 3913 isthaec
3373 3847 3526 3914 col·-

1985 3943 2310 4029 legeram.
2346 3990 2353 3995 .

2738 4037 2771 4073 ,
2794 4042 2805 4053 .

365 4060 437 4105 re
469 4050 787 4121 senectam.
912 4039 1066 4125 Non
1135 4036 1292 4103 satis
1379 4040 1599 4103 Paulli
1648 4040 1934 4105 honori.

369 4136 799 4201 consuluerat
832 4149 951 4201 aut
999 4135 1367 4215 Cornelia,
1424 4149 1543 4199 aut
1605 4138 1937 4220 Proper-‘-

366 4234 545 4311 tius,
600 4232 642 4295 fi
684 4236 752 4297 id
795 4234 1042 4309 aetatis
1079 4236 1300 4298 virum
1336 4283 1355 4313 ,
1409 4247 1472 4297 et
1527 4228 1697 4315 jam*
1729 4255 1932 4297 con--

370 4325 597 4393 fiituta
634 4331 824 4395 domi
873 4332 1106 4396 sobole
1167 4332 1350 4419 poll'e
1401 4332 1627 4395 adhuc
1691 4332 1937 4395 novis-

2274 4088 2711 4201 PAVLIJVS.
2790 4089 3198 4203 LEssinvs.
3290 4136 3509 4207 cou-
3536 4178 3559 4193 -

2280 4232 2556 4299 CORD.
2642 4234 2846 4321 Caput
2908 4235 3286 4331 Concordiae
3331 4243 3543 4308 vela--

2276 4341 2435 4397 tum.

437 4582 490 4644 a)
531 4581 596 4636 1⁵,
633 4581 738 4638 IV.
777 4579 848 4632 el.
892 4598 973 4641 ιε.
1800 4588 1864 4657 ο).
1899 4588 2081 4643 Tacit.
2134 4588 2299 4642 Ann-
2330 4585 2405 4640 L.
2429 4585 2477 4639 1.
2515 4600 2566 4648 c.
2607 4600 2692 4654 13·
2956 4582 3022 4654 d)
3059 4588 3120 4640 in
3155 4586 3299 4657 Aug.
3334 4603 3389 4643 ο,
3423 4603 3519 4659 η,
3543 4622 3556 4634 ·

366 4654 428 4724 e)
458 4648 760 4703 Animadv.
801 4640 897 4704 hist
951 4671 1018 4724 p²
1054 4664 1176 4716 121.
3036 4670 3051 4687 .

459 4726 647 4815 (Vol.
707 4721 828 4810 V.)
900 4688 914 4704 ’
1711 4722 1718 4727 ·
3051 4729 3128 4794 R.

1205 4554 1266 4654 bl
1299 4600 1443 4647 vers.
1478 4587 1586 4658 ⁶5·-
1606 4634 1614 4640 .
