4175 5450
1148 616 1163 627 .
1256 532 1627 616 NVMI·
1726 536 2632 617 CONSVLARES.

288 782 309 799 ·
381 760 545 807 narn
576 739 644 805 in
691 751 1013 825 argentea
1056 738 1266 803 alium
1303 740 1545 803 eadem
1581 748 1743 802 nota
1779 736 1923 807 ha-.

381 835 496 898 bet
540 838 983 921 explicatum.
1084 835 1603 920 Eadem-ligna,
1676 844 1743 894 et
1787 853 1893 894 ea·

294 929 315 937 “
378 932 535 994 dem
578 931 1096 1018 significatione,
1159 930 1437 993 infident
1503 931 1710 993 etiam
1769 948 1893 990 nu-

376 1045 528 1089 mos
610 1026 879 1091 urbium
958 1025 1346 1089 Italicarum
1374 1072 1394 1103 ,
1464 1040 1532 1087 et
1610 1043 1895 1106 magnae

379 1119 752 1198 Graeciae,
809 1120 1200 1205 semperque
1253 1139 1502 1184 aeneos
1558 1128 1830 1211 ‘tantum
1873 1165 1892 1194 ,

381 1217 542 1301 quin
582 1219 650 1278 in
688 1216 905 1300 ipsam
952 1216 1354 1300 Hispaniam
1382 1213 1734 1299 pervasere
1784 1232 1893 1275 ca-

374 1326 499 1398 pta
543 1313 612 1373 in
650 1312 868 1391 numis
907 1308 1294 1386 Cordubae,
1349 1310 1769 1389 aliarumque
1802 1305 1891 1369 se-

378 1409 486 1470 de.
587 1405 901 1468 Desivere
946 1405 1188 1467 deinde
1230 1422 1381 1465 cum
1424 1410 1614 1488 rep.',
1665 1414 1737 1464 ut
1792 1414 1892 1464 ta-

379 1522 533 1565 men
575 1510 1022 1583 compareant
1058 1501 1300 1561 iterum
1334 1499 1403 1560 in
1444 1509 1717 1563 moneta
1750 1497 1890 1581 ‘Ne-

320 1636 325 1643 ·
382 1601 610 1675 renis,
667 1598 737 1657 in
780 1614 918 1676 qua
955 1592 1315 1656 observavi
1353 1605 1553 1656 notas
1593 1593 1677 1658 11.
1716 1590 1766 1653 1.
1804 1591 1887 1669 S,

377 1694 623 1775 quibus
658 1690 881 1752 notari
923 1687 1341 1772 dupondium
1368 1733 1387 1765 ,
1456 1687 1759 1765 ass'em,.⁴
1800 1685 1889 1748 se-

379 1788 630 1853 miss'em
660 1833 682 1867 ,
734 1785 823 1846 ad
876 1784 1053 1867 ipsos
1090 1783 1218 1846 hos
1258 1801 1498 1846 numos
1574 1781 1894 1847 monebo.

308 1884 321 1901 “’
380 1880 656 1946 Globuli
697 1890 1094 1964 comparent
1124 1879 1330 1939 etiam
1370 1877 1439 1940 in
1464 1879 1682 1940 nuruis
1704 1877 1894 1963 Agri-

378 1978 602 2062 genti,
656 1974 1021 2051 Himerae,
1076 1971 1642 2056 Centuriparum‚
1694 1974 1895 2057 Syra-

379 2070 683 2134 cusarum
718 2118 740 2152 ,
793 2069 1216 2151 aliarumque
1278 2066 1549 2130 Siciliae
1627 2069 1895 2131 urbium

3339 548 3498 632 ,¹3

1980 740 2193 803 lorem
2239 751 2592 824 monetae,
2641 736 2829 822 ‘quod
2897 735 3250 802 censuerat
3310 739 3487 824 prin-

1983 855 2141 919 ceps
2187 836 2424 898 Turris
2470 835 2789 910 Muciae,
2841 828 2904 915 ⁸)
2952 853 3194 917 parum
3257 845 3492 915 tamen

1980 930 2204 992 adhuc
2245 930 2329 992 de
2368 930 2624 993 valoris
2683 931 2821 1015 eJ’us
2888 928 3352 1013 progressione
3385 930 3488 992 su-

1978 1044 2129 1086 mus
2163 1026 2456 1087 eruditi.·
2555 1026 2628 1087 In
2657 1043 2865 1086 numo
2917 1024 3130 1107 gentis
3213 1022 3487 1091 Cassiae

1974 1118 2209 1203 paullo
2241 1118 2442 1203 supra
2481 1121 2691 1182 citato
2745 1118 3040 1182 vidimus
3087 1116 3174 1196 S,
3224 1117 3489 1203 {notam

1973 1212 2294 1290 semissiS,
2347 1215 2597 1276 additis
2633 1213 2844 1277 tribus
2897 1211 3210 1296 globulis.
3347 1214 3483 1277 De-

1973 1308 2200 1371 cidere
2236 1327 2373 1371 non
2435 1309 2688 1386 aufim,
2763 1320 2986 1371 utrum
3045 1307 3302 1393 globuli
3369 1309 3484 1388 hi,

1974 1415 2301 1485 tanquam
2357 1404 2642 1487 totidem
2705 1404 2980 1478 unciae,
3047 1402 3309 1487 insuper
3368 1404 3486 1465 ad·

1975 1498 2181 1563 dendi
2230 1495 2349 1559 fint
2382 1498 2471 1560 ad
2501 1497 2861 1576 semissem,
2915 1496 2998 1565 fic
3058 1510 3133 1559 ut
3182 1496 3484 1561 efficiant

1972 1592 2208 1654 uncias
2252 1613 2331 1674 9,
2384 1592 2490 1654 seu
2529 1594 2973 1670 dodrantem,
3027 1593 3474 1677 quemadmo-

1974 1688 2139 1749 dum
2181 1688 2490 1752 videmus
2542 1690 2744 1751 etiam
2779 1689 2848 1750 in
2899 1689 3233 1772 argenteis
3283 1687 3487 1770 Syra-

1978 1827 2285 1892 cusarum
2314 1830 2512 1894 notas
2564 1804 3019 1940 30X111.,·an
3069 1830 3259 1918 {vero
3307 1790 3510 1916 agna..

1978 1969 2100 2034 lint
2201 1973 2731 2036 monetariorum
2806 1974 3005 2038 nobis
3095 1971 3485 2058 incognita,
3579 1976 3594 1983 “

1976 2067 2260 2152 perinde
2295 2070 2478 2130 acin
2533 2069 2748 2131 numis
2810 2067 3227 2135 familiarum
3265 2067 3488 2130 ·vide-
3543 2080 3550 2085 ·

301 2179 307 2185 ·
384 2185 541 2229 non,
580 2164 809 2259 aevis
847 2174 1148 2241 tantum,
1210 2161 1322 2225 sed
1380 2175 1446 2225 et
1507 2165 1841 2248 argenteis
1876 2208 1899 2245 ,
1980 2160 2205 2224 bimus
2244 2161 2557 2247 globulos
2582 2209 2604 2240 ,
2655 2176 2774 2228 aut
2825 2178 3076 2251 puncta
3127 2164 3339 2225 literis
3389 2161 3490 2226 al-

382 2260 659 2343 quibus,
710 2270 783 2322 ut
815 2272 951 2321 non
987 2259 1477 2343 impugnavero
1514 2261 1739 2322 notari
1780 2277 1897 2326 va-

1979 2256 2264 2344 phabeti
2299 2260 2493 2322 vario
2530 2257 2650 2323 situ
2698 2280 2780 2323 ac
2822 2279 3102 2327 numero
3148 2255 3484 2322 adstituta.

1838 2645 1871 2721 S
1922 2640 2038 2703 ιν.

1259 2832 1601 2919 &toluges
1648 2840 1925 2898 monetae
1973 2851 2191 2898 aeneae
2241 2821 2593 2920 consularis.

481 3117 962 3203 Hujus‘classis
995 3137 1235 3182 numos
1268 3119 1577 3206 copiosos
1616 3138 1700 3184 ac
1738 3138 1894 3183 con-

386 3215 595 3279 fertos
632 3207 904 3286 edidere
973 3213 1297 3277 Claudius
1371 3215 1779 3292 Molinetus,
1828 3204 1895 3294 ι’)

382 3312 743 3395 Arigonius
774 3357 793 3386 ,
846 3310 1213 3385 Passerius,
1262 3308 1323 3383 ο)
1375 3330 1456 3373 ac
1506 3311 1894 3396 nuperrime

385 3426 508 3470 em.
544 3406 725 3469 card.
768 3403 1046 3468 Zelada.
1147 3404 1335 3467 Binis
1376 3405 1722 3488 postremis
1774 3405 1890 3468 ad-

384 3500 597 3566 fusam
630 3500 731 3561 his
766 3500 983 3562 numis
1017 3500 1236 3561 lucem
1268 3498 1724 3561 liberaliorem
1746 3519 1892 3582 gra-

384 3596 438 3657 ti
470 3593 797 3656 debemus
820 3640 840 3669 ,
894 3595 1074 3677 quod
1113 3593 1266 3676 plus
1297 3587 1592 3672 ἁκριξειας
1628 3605 1698 3654 et
1726 3594 1895 3655 artis

2457 3135 2472 3154 “
2512 3120 2579 3203 D
2602 3083 2968 3209 ecusfiss

2075 3310 2278 3396 Caput
2343 3310 2623 3378 Palladis
2646 3356 2668 3390 ,
2730 3329 2893 3397 pone
2959 3311 3043 3373 X.
3142 3314 3201 3384 ἲ
3270 3308 3491 3378 Pron

1972 3410 2196 3483 navis,
2246 3408 2512 3493 superne
2549 3408 2638 3478 X.
2739 3406 3055 3492 (Arigoni
3125 3407 3318 3472 Vnc..
3357 3416 3515 3488 34..

1977 3502 2235 3565 Zelada
2269 3506 2439 3566 Vnc.
2480 3502 2640 3585 38.)
3249 3515 3260 3526 '

2080 3596 2466 3662 Victoriam
2484 3600 2626 3661 citis
2661 3595 2831 3681 bigis
2867 3596 2930 3662 d.
2968 3583 3488 3680 elata'flagellum,

387 3690 666 3753 criticae
710 3689 803 3750 ad
871 3687 1372 3772 explorandam
1416 3707 1648 3751 eorum
1701 3699 1892 3750 natu·
1956 3689 2223 3775 superne
2270 3694 2370 3768 X,
2453 3691 2694 3777 inferne
2752 3692 3045 3756 ROMA.
3165 3697 3222 3764 ae
3271 3692 3490 3755 Prora

390 3803 537 3847 ram
591 3781 900 3846 attulere.
1001 3782 1146 3845 Nos
1173 3782 1308 3846 hoc
1362 3784 1517 3847 loco
1570 3780 1894 3846 describe.

387 3899 537 3942 mus
577 3898 693 3941 eos
737 3890 1003 3944 tantum
1031 3925 1051 3955 ,
1100 3897 1277 3959 quos
1336 3878 1536 3943 causa
1575 3891 1896 3964 typorum

386 3974 512 4037 ess’e
546 3976 899 4046 Romanos
936 3972 1286 4042 satistuto
1324 3973 1481 4056 lices
1526 3975 1854 4055 conjicere
1876 4020 1897 4051 ,
1963 4007 1969 4014 ·

317 4151 325 4157 .
368 4068 648 4134 ‘servato
691 4069 1015 4180 ponderis
1064 4069 1501 4136 decrescentis
1538 4071 1803 4135 ordine.

1952 4071 2145 4165 diqui

1975 3787 2159 3849 navis
2177 3834 2196 3866 ,
2231 3787 2497 3873 superne
2527 3787 2613 3856 X.
2667 3785 2982 3875 (Arigoni
3005 3788 3173 3859 Vnc,
3208 3796 3326 3862 4¹·
3349 3785 3486 3848 Ka·

1976 3892 2105 3943 rat.
2155 3880 2313 3963 46.)

2075 3976 2168 4039 Hi
2201 3976 2536 4058 decuss'es,
2581 3977 2699 4041 seu
2759 3998 2840 4042 ιο
2881 3969 3344 4061 είείυιη,1ηιιωί
3387 3992 3488 4036 re·

2262 4085 2291 4135 t
2325 4074 2602 4158 mole,et
2648 4074 3032 4151 volumine,
3084 4073 3185 4134 ita
3215 4082 3283 4134 et
3318 4068 3489 4132 rari-

1980 4179 2120 4232 tate
2150 4093 2566 4253 ffiestant„
2611 4171 2767 4234 Nan
2809 4184 3038 4234 tamen
3071 4155 3216 4232 suht
3250 4167 3324 4231 in
3374 4184 3492 4231 an-

318 4535 322 4540 .
446 4499 502 4556 a)
541 4497 811 4566 Aggiunta
866 4499 940 4551 11.
994 4517 1060 4572 P.
1107 4516 1208 4571 97,
1262 4510 1323 4554 et
1368 4495 1472 4554 lv.
1521 4513 1583 4573 p.
1636 4518 1759 4572 227.

386 4567 433 4632 e)
470 4564 727 4637 Dea-pst.
769 4567 1013 4639 Paralip,

2018 4501 2083 4570 s)
2115 4502 2352 4558 casim
2384 4500 2474 4555 ue
2529 4501 2594 4555 ιι
2639 4500 2892 4559 biblioth.
2943 4503 3013 4559 de
3059 4471 3118 4557 ιε’
3149 4503 3244 4558 Sto
3279 4500 3502 4600 con-v:
3681 4571 3690 4578 .
