4175 5450
217 1727 220 1731 ’
330 1702 503 1765 fides
539 1702 763 1764 Plinio
810 1714 877 1764 et
938 1702 1185 1779 Livio,
1254 1722 1472 1786 quam·
1532 1701 1852 1764 Varroni.

1184 626 1536 727 NVMI
1657 612 2600 717 CONSVLA'RES.
3359 664 3446 729 η

317 836 593 924 primum
636 824 855 902 benum
892 834 1222 902 Panicum.
1324 831 1433 897 Est
1471 834 1585 899 hic
1637 852 1852 898 annus
1933 832 2070 897 sem
2130 851 2338 896 unum
2413 822 2787 895 valebant?
2885 831 3152 901 Tamen
3196 841 3450 925 reperti

322 934 679 1001 Varronis,
785 935 860 997 In
908 934 1197 997 eandem
1241 924 1541 996 aetatem
1570 932 1856 1007 incidit}
1934 930 2124 1009 sunt,
2176 942 2244 993 et
2282 925 2538 993 exstant
2566 930 2637 992 in
2680 929 2910 1003 museo
2962 931 3294 1001 Caesareo
3381 949 3453 1002 et

327 1031 517 1115 quod
564 1030 857 1096 refertur
896 1033 965 1093 in
1014 1029 1313 1092 Liviana
1358 1029 1661 1114 epitome
1696 1027 1854 1090 libri
1940 1027 2106 1090 alibi
2171 1024 2474 1111 argentei
2531 1026 3070 1108 Atheniensium,
3135 1032 3448 1097 Tarenti,
3531 1102 3546 1119 ο

323 1127 472 1191 XV.
583 1128 751 1192 Tunc
804 1133 1078 1213 primum
1113 1125 1385 1211 populus
1456 1124 1540 1192 R.
1589 1133 1861 1209 argento
1937 1142 2220 1202 norum,
2272 1120 2735 1207 aliorumque,
2790 1124 2904 1210 qui
2969 1124 3246 1189 levioris
3307 1129 3451 1197 sunt

324 1224 425 1288 uti
460 1225 675 1308 coepit.
775 1224 886 1287 Ab
925 1223 1029 1286 his
1081 1220 1381 1284 diversus
1420 1219 1566 1284 abit
1604 1222 1854 1296 Varro,
1934 1218 2259 1303 ponder-is
2286 1264 2306 1294 ,
2358 1238 2563 1302 quam
2601 1220 2785 1301 cujus
2827 1219 3185 1284 secundum
3258 1221 3448 1288 statu.

329 1339 531 1403 quem
570 1322 742 1383 citat
781 1317 1108 1382 Carisius:
1175 1334 1430 1382 numum
1492 1326 1857 1401 argenteum
1935 1326 2079 1377 tam
2101 1314 2436 1377 rationem
2456 1312 2833 1379 libellaess‘e
2855 1315 3204 1382 debuerat.
3223 1318 3450 1401 Quam

325 1415 655 1500 conflatum
680 1419 956 1499 primum
1004 1434 1044 1478 a
1088 1414 1318 1477 Servio
1378 1414 1569 1478 Tullio
1597 1411 1854 1489 dicunt,·
1937 1429 2105 1473 vero
2173 1410 2415 1472 deinde
2478 1411 2768 1488 minutas
2855 1412 2985 1474 ess'e
3055 1428 3457 1499 oportuerat

290 1514 386 1575 ,ἐς
426 1521 702 1595 quatuor
736 1510 1062 1598 scriptulis
1118 1511 1325 1594 major
1379 1508 1522 1595 fuit
1561 1555 1581 1586 ,
1667 1527 1857 1594 quam
1917 1505 2232 1594 sembellas
2268 1517 2335 1567 et
2362 1508 2674 1571 ter-uncias
2705 1554 2725 1585 ,
2780 1510 2984 1593 q'uam
3018 1529 3290 1593 quoque
3332 1524 3452 1577 va-

326 1627 490 1672 nunc
524 1609 627 1692 ψ.
726 1608 858 1669 Sed
897 1610 1115 1687 major
1152 1607 1286 1668 hoc
1342 1606 1496 1668 loco
1535 1604 1855 1667 habenda
1934 1604 2019 1665 rii
2051 1603 2120 1665 in
2157 1612 2432 1664 moneta
2468 1615 2791 1687 argentea
2831 1609 3228 1669 numerant?
3276 1609 3455 1673 Bou-

1936 1701 2240 1762 terovius
2281 1694 2997 1764 veterum‘testimonia
3030 1701 3308 1767 secutus
3374 1704 3452 1769 li-

274 1798 560 1861 'Minue
596 1797 871 1861 aberrat
891 1796 1276 1860 Chronicon
1296 1797 1856 1876 Alexandrinum,
1937 1792 2202 1870 bellae,
2254 1794 2654 1871 sembellae,
2752 1807 2819 1858 et
2882 1800 3166 1860 teruncii
3241 1813 3453 1885 typos

202 4647 215 4660 ,
316 4614 371 4652 ν.
412 4613 494 4661 ²7·

331 1896 518 1978 quod
564 1907 927 1978 argenteae
964 1907 1280 1956 monetae
1316 1894 1675 1957 exordium
1732 1892 1855 1954 ad-

327 1988 540 2075 fignat
582 2010 835 2052 annum
871 1992 955 2054 V.
1000 1989 1074 2053 C.
1115 2002 1292 2066 481..
1382 1989 1732 2072 Syncellus
1788 1999 1856 2050 et

332 2084 723 2149 Chronicon
766 2086 1076 2171 Prosperi
1120 2107 1277 2153 eam
1320 2098 1640 2170 regnante
1692 2086 1850 2148 Pto·

330 2180 599 2244 lemaeo
651 2181 1106 2268 Philadelpho
1149 2182 1366 2245 orsam
1406 2180 1715 2263 statuunt,
1740 2181 1852 2243 sed

331 2279 447 2361 qui
493 2277 746 2340 limites
784 2278 926 2340 laxi
962 2279 1122 2341 sunt.
1238 2279 1443 2363 Apud
1486 2277 1847 2339 Eusebium

331 2371 423 2433 est
461 2371 713 2451 biennii
768 2374 1362 2456 prochronismuS,
1417 2374 1523 2433 cui
1582 2374 1846 2443 initium

328 2465 566 2551 fignati
612 2469 876 2535 Romae
906 2469 1168 2552 argenti
1228 2466 1318 2529 est
1371 2487 1599 2530 annus
1635 2470 1716 2529 V.
1766 2466 1844 2532 C.

326 2570 496 2646 48¹3·
551 2561 614 2638 ει)

431 2658 677 2721 Divisa
717 2656 848 2720 fuit
887 2660 954 2719 in
1007 2658 1367 2738 denarium,
1431 2660 1788 2746 quinarium
1827 2706 1847 2737 ,

305 2754 686 2844 sestertium,
743 2755 823 2817 (ic
864 2769 935 2817 ut
976 2760 1323 2840 quinarius
1374 2759 1531 2818 ess‘et
1582 2758 1850 2819 dimidi-

330 2871 445 2913 um
489 2853 797 2927 denarii,
852 2851 1174 2922 sestertius
1222 2855 1534 2936 quinarii.
1640 2851 1846 2917 Libet-

327 2947 451 3011 lam
498 2950 700 3010 etiam
750 2952 815 3008 in
851 2963 1124 3012 moneta
1160 2966 1477 3033 argentea
1542 2961 1850 3011 numerat

323 3046 550 3108 Varro
580 3065 609 3105 ε.
654 3033 715 3123 b)
768 3046 965 3109 Numi
1000 3047 1243 3110 denarii
1283 3049 1533 3109 decuma
1586 3046 1844 3121 libella,

324 3138 494 3225 quod
542 3140 764 3202 libram
799 3143 1007 3225 pondo
1042 3164 1117 3206 as
1157 3141 1440 3217 valebat,
1490 3152 1549 3205 et
1587 3152 1727 3205 erat
1768 3162 1849 3205 ex

326 3247 596 3319 argento
623 3258 857 3321 parva.
966 3240 1155 3301 Vnde
1194 3239 1475 3301 Plautus
1517 3241 1587 3299 in
1654 3237 1845 3324 Heu·

328 3332 534 3394 dolo:
590 3334 650 3416 ⁶)
710 3336 768 3397 Τ
764 3336 854 3397 ibi
907 3335 1160 3400 libellam
1223 3338 1472 3417 argenti
1534 3347 1848 3418 nunquam

322 3429 570 3493 credam
603 3476 622 3505 ‚
676 3442 744 3491 et
791 3428 998 3493 [imile
1042 3433 1110 3494 in
1146 3430 1541 3515 Captiveis„
1576 3421 1638 3509 d)
1741 3430 1846 3492 De

322 3527 677 3608 praetensa
731 3526 858 3588 hac
898 3526 1128 3589 libella
1174 3538 1441 3611 praeter
1481 3526 1848 3587 auctorita·

325 3626 428 3680 tes
482 3620 645 3680 nihil
718 3620 979 3696 habe0‚
1044 3623 1228 3706 quod
1292 3637 1847 3684 commemorem.

323 3714 507 3780 Nam
541 3715 659 3776 hat
677 3726 868 3778 tenus
908 3719 973 3777 id
1013 3737 1218 3802 genus
1283 3714 1553 3800 numuli.
1599 3717 1849 3800 reperti

326 3830 465 3874 non
509 3810 669 3873 lunt.
776 3812 1094 3875 Interiiss'e
1169 3814 1575 3889 creduntur,
1662 3811 1847 3894 quod

319 3908 527 3971 nimis
575 3907 779 3970 effent
811 3907 1204 3992 graciles-et
1260 3906 1512 3993 angusti
1558 3905 1847 3972 volumi·

325 4007 453 4092 nis,
562 4004 927 4067 Emmvero
969 4026 1120 4069 cum
1158 4005 1469 4088 sestertii,
1522 4008 1635 4089 qui
1675 4003 1842 4067 ass‘es

230 4157 235 4162 .
324 4101 695 4164 duos.cum
745 4102 1030 4165 dimidio
1085 4103 1401 4177 valuere,
1483 4113 1625 4164 tam
1688 4112 1840 4164 arto

321 4194 436 4258 sint
483 4198 936 4282 compendio,
991 4220 1197 4282 quam
1232 4200 1358 4262 ell‘e
1414 4198 1654 4260 minuti
1720 4217 1839 4262 vo·

320 4288 594 4356 luminis
635 4294 1000 4378 oportebat
1036 4295 1162 4359 ess'e
1208 4315 1493 4371 numos„
1572 4295 1707 4378 qui.
1742 4293 1838 4358 as-

1072 4529 1132 4595 b)
1166 4531 1338 4585 de·L.
1374 4533 1444 4595 L,
1482 4532 1606 4587 Lib.
1647 4535 1755 4594 lv,

688 4601 740 4660 e)
776 4600 949 4659 Reeh.
985 4619 1094 4656 cur.
1128 4618 1187 4675 p.
1224 4612 1310 4672 85.

413 4671 607 4760 (Vol.
663 4674 785 4762 V.)

391 4528 448 4592 a)
484 4529 542 4579 in
579 4530 869 4604 §broniem
912 4561 918 4568 ·

1481 4604 1525 4671 f)
1562 4601 1627 4656 B.
1663 4603 1732 4662 I..
1766 4604 1839 4694 {1⁸⁴
1874 4604 2156 4669 xxv-111.
2191 4623 2253 4678 p,
2289 4608 2409 4677 652.

1936 1890 2333 1977 proposuit,
2388 1896 2440 1967 α“-)
2491 1891 2607 1951 sed
2659 1889 2936 1955 testatur
3002 1893 3137 1976 ipse
3197 1897 3456 1982 pagina.

1934 1989 2428 2072 praecedente,
2480 1986 2594 2048 fibi
2644 2007 2762 2050 eos
2798 2007 3140 2071 nunquam
3174 1992 3450 2078 conspe..

1935 2095 2107 2147 etue.
2212 2082 2416 2164 Quod
2458 2085 2867 2146 monendum
2903 2085 3109 2162 duxi,
3178 2107 3261 2150 ne
3299 2091 3448 2173 quis

1935 2180 2308 2267 conspectis
2357 2179 2462 2241 his
2521 2181 2708 2264 typis
2753 2181 2825 2244 in
2875 2180 3189 2245 fraudem
3256 2186 3449 2249 indu-

1934 2290 2164 2343 catur..
3061 2352 3070 2364 ,

2030 2375 2232 2447 Hanc
2261 2386 2574 2457 monetae
2606 2386 2966 2462 argenteae
3002 2378 3072 2440 in
3107 2380 3447 2458 denarios»,

1933 2469 2280 2551 quinarios
2307 2516 2326 2545 ‚
2379 2467 2703 2532 sestertios
2745 2472 3137 2535 divifionem
3196 2473 3284 2536 ab
3329 2496 3445 2538 au-

1932 2563 2232 2625 ctoribus
2293 2577 2742 2626 memoratam
2798 2566 2916 2649 ipli
2986 2568 3193 2629 etiam
3263 2568 3454 2634 numi

1934 2656 2308 2743 superstites
2341 2658 2816 2742 comprobant.
2919 2661 3238 2725 Habuisl'e
3306 2665 3446 2730 Ro-

1935 2774 2177 2817 manos
2210 2775 2483 2817 numum
2517 2775 2677 2817 vere
2711 2769 3097 2844 argenteum
3131 2760 3449 2824 denarios

1936 2841 2027 2914 C..
2057 2851 2581 2936 adpendentem,
2618 2872 2706 2913 ex
2739 2852 2805 2915 S.
2826 2853 3213 2940 Epiphanio
3239 2903 3258 2933 ,
3312 2851 3447 2920 He·

1932 2967 2098 3009 rone
2142 2946 2653 3024 Alexandrino,
2721 2950 3075 3028 Maximo,
3165 2952 3453 3036 aliisque

1927 3042 2185 3129 probat
2226 3045 2309 3106 cl.
2356 3043 2615 3128 Dupuy
2657 3042 2920 3110 Gallus.
2975 3036 3021 3117 f)
3120 3047 3277 3111 Non
3337 3069 3452 3112 ne·

1930 3160 2016 3224 go
2047 3190 2069 3223 ‚
2121 3138 2286 3203 istud
2325 3161 2410 3202 ex
2447 3141 2671 3203 citatis
2717 3144 3110 3206 auctoribus
3160 3143 3447 3208 manife-

1931 3234 2023 3299 [io
2076 3239 2261 3316 erui,
2317 3238 2424 3298 sed
2461 3236 2629 3299 haec
2668 3235 3049 3301 testimonia
3113 3233 3284 3306 tanti
3346 3244 3448 3305 vi·

1931 3333 2172 3396 dentur
2216 3331 2547 3418 putanda,
2582 3334 2814 3413 quanti
2841 3334 3128 3398 absurda
3161 3338 3452 3421 reliqua,

1933 3450 2109 3513 quae
2153 3441 2508 3514 praeterea
2542 3428 2781 3518 eodem
2843 3429 3000 3493 loco
3064 3431 3269 3495 iidem
3328 3454 3453 3498 au·

1932 3539 2155 3590 ctores
2193 3536 2756 3598 commemorant,
2801 3537 2864 3585 et
2900 3546 3074 3608 quae
3100 3546 3250 3589 cum
3286 3528 3449 3594 hac.

1928 3632 2122 3681 tenus
2162 3622 2357 3683 dictis
2386 3665 2405 3694 ‚
2460 3630 2525 3680 et
2563 3619 2851 3682 aliorum
2890 3623 3282 3705 graviorum
3314 3645 3433 3687 au·

1933 3727 2194 3776 ctorum
2218 3714 2614 3778 testimoniis
2653 3727 3232 3803 aperte-pugnant.
3283 3720 3443 3800 Ejus

1929 3822 2111 3872 certe
2160 3811 2477 3896 ponderis
2517 3830 2731 3893 neque
2786 3809 3085 3877 Graecus
3123 3835 3445 3898 unquam5

1929 3915 2149 3989 neque
2205 3909 2564 3995 Romanus·
2623 3927 2861 3971 numus
2929 3899 3282 3999 argenteus
3358 3910 3449 3976 est

1930 4002 2343 4088 conspectu&
2446 4000 2860 4067 Graecorum
2913 4010 3137 4085 mina,
3190 4020 3257 4071 et
3307 4009 3444 4072 Ro-

1928 4120 2288 4164 manorum
2319 4099 2509 4187 ‘libra
2557 4103 2832 4185 argenti.
2859 4104 3205 4190 congeries
3244 4102 3436 4170 fuere

1927 4197 2431 4300 drachmarum,
2485 4210 2553 4260 et
2578 4198 3035 4281 denariorum,
3089 4220 3223 4265 non
3258 4201 3445 4287 ipsae

1925 4299 2218 4379 pecunia
2259 4313 2464 4361 vera..

1950 4535 1998 4596 c)
2044 4517 2273 4589 ΑοῑᾸΙΙ.
2313 4536 2381 4596 sc.
2419 4538 2496 4600 11.
2532 4555 2587 4592 v.
2627 4549 2716 4607 34.
2928 4536 2986 4607 d)
3023 4539 3146 4592 Aet.
3182 4537 3256 4594 V.
3291 4534 3361 4632 se?
3395 4535 3447 4598 Ι.

3000 4680 3054 4744 C
