4175 5450
1577 620 2309 701 CORNELIA.

3368 646 3500 720 ²85

382 823 737 892 Caesarem
782 842 827 887 a
865 823 1229 906 coniuratis
1260 820 1735 902 interfectum,
1784 821 1892 888 his
1977 823 2164 901 isset,
2232 845 2390 886 num
2471 819 2773 887 tacuisset
2871 824 3112 887 Cicero
3194 829 3503 894 volatum
3590 855 3599 862 ·

377 920 507 985 sese
559 920 986 1005 impudenter
1016 920 1326 997 miscuit,
1390 931 1718 1004 tanquam
1754 920 1895 1004 ipse

378 1019 610 1082 caedis
649 1018 992 1102 particeps
1040 1014 1263 1080 fuisset
1294 1062 1316 1094 ‚
1367 1016 1436 1079 in
1487 1018 1672 1095 cujus
1710 1035 1893 1079 com·

379 1116 773 1178 munionem
822 1112 1135 1178 admissus
1219 1132 1561 1196 nunquam
1623 1109 1777 1184 fuit,
1828 1107 1893 1193 ⁸)

381 1208 725 1274 Continuo
767 1204 912 1292 post
955 1228 1041 1271 ex
1077 1207 1144 1272 S.
1202 1206 1278 1274 C.
1331 1210 1402 1270 in
1471 1206 1697 1271 Asiam
1762 1226 1890 1292 pro

379 1304 731 1391 quaestore
784 1323 911 1413 pro
951 1316 1276 1389 praetore
1334 1303 1728 1389 profectu8‚
1821 1315 1897 1366 ut

376 1400 799 1485 vectigalia
781 1418 850 1461 in
920 1397 1318 1485 potestatem
1375 1400 1747 1485 redigeret,
1826 1409 1897 1461 et

378 1493 822 1562 Dolabellam
856 1493 1109 1558 hostem
1148 1496 1316 1583 reip.
1339 1496 1717 1577 judicatum
1747 1514 1895 1580 per-

379 1592 786 1676 sequeretur.
837 1580 905 1673 l’)
1001 1591 1268 1655 Indicto
1293 1591 1573 1655 subinde
1590 1589 1895 1653 Caesaris

382 1687 876 1773 percussoribus
911 1686 1094 1751 bello
1135 1686 1289 1750 suae
1327 1688 1464 1772 ipse
1492 1685 1721 1750 salutis
1740 1706 1894 1749 cau·

381 1786 452 1846 sa
483 1784 694 1845 Bruto
740 1782 1113 1868 Cassioque
1155 1782 1482 1862 adhaesit,
1534 1795 1610 1846 ut
1649 1782 1896 1845 docent

381 1877 712 1966 propositi
752 1879 1034 1941 denarii.

477 1976 668 2038 Haec
732 1987 1051 2048 enarrata
1096 1975 1360 2059 priores
1424 1976 1599 2039 duos
1653 1992 1896 2039 numos

381 2072 577 2158 plene
612 2071 976 2156 explicant.
1077 2075 1169 2134 At
1200 2092 1318 2135 eos
1358 2074 1768 2136 Vaillantius
1829 2083 1897 2135 et

383 2167 908 2251 Havercampus
956 2186 1109 2232 cum
1163 2166 1501 2249 Spintheri
1557 2168 1900 2253 patrijri·

387 2260 639 2335 buunt,
693 2279 940 2344 magno
999 2260 1062 2321 se
1130 2261 1404 2344 piaculo
1461 2262 1900 2347 obstringunt.

387 2354 608 2419 Causa
640 2353 987 2417 abnormis
1019 2356 1286 2437 peccati
1320 2353 1452 2416 suit
1473 2403 1493 2431 ,
1546 2360 1730 2438 quod
1763 2376 1901 2418 cre·

386 2453 657 2525 didere,
712 2463 973 2535 patrem
1029 2447 1254 2525 fuisse,
1309 2452 1423 2532 qui
1483 2448 1788 2538 Caesaris
1844 2449 1903 2512 se

382 2548 832 2635 percussorem
870 2543 1177 2622 ferebat,
1230 2545 1737 2628 eumqueltem,
1789 2546 1906 2628 qui

383 2666 472 2710 ex
505 2644 574 2713 S.
598 2643 676 2707 C.
711 2644 932 2706 missus
961 2644 1026 2704 in
1063 2639 1283 2704 Asiam
1309 2641 1438 2704 sese
1458 2642 1701 2704 deinde
1748 2661 1903 2705 cum

380 2744 600 2807 Bruto
638 2755 702 2804 et
743 2740 979 2805 Cassio
1010 2742 1380 2821 coniunxit.
1479 2743 1571 2801 At
1600 2740 1776 2802 enim
1813 2758 1904 2802 an

385 2839 791 2915 venfimile,
847 2858 978 2902 non
1052 2850 1234 2914 tam,
1315 2836 1535 2898 virum
1606 2836 1903 2899 consula·

385 2955 532 2998 rem
577 2947 643 2997 et
677 2933 1157 3019 triumphalem
1194 2953 1280 2994 ex
1326 2932 1396 2996 S.
1440 2930 1513 2996 C.
1566 2952 1903 3017 proquae-

386 3029 560 3096 stote
603 3042 1049 3117 propraetore
1087 3032 1159 3094 in
1196 3029 1622 3114 provinciam
1683 3030 1905 3107 mitti,

386 3148 596 3213 quam
641 3128 986 3191 hominem
1025 3137 1403 3212 ,provectae
1437 3130 1575 3208 jam
1608 3126 1904 3201 aetatiS,

389 3228 578 3308 cujus
629 3224 908 3288 obtentu
956 3225 1248 3308 quinque
1302 3234 1484 3286 retro
1540 3223 1732 3286 annis
1785 3221 1900 3286 libi

385 3341 555 3408 prae
597 3320 884 3383 aemulis
927 3319 1396 3405 pontificatum
1436 3338 1616 3381 max.
1669 3317 1904 3380 deberi

388 3417 637 3480 acriter
682 3415 1075 3480 contendit?
1143 3406 1252 3497 ο),
1344 3412 1526 3494 Quid
1579 3431 1747 3474 vero
1810 3413 1902 3475 ad

387 3522 653 3598 patrem
684 3508 1060 3595 propositus
1095 3502 1166 3569 in'
1200 3506 1305 3570 his
1346 3507 1641 3569 denariis
1673 3506 1901 3588 lituus,

390 3625 591 3691 quem
635 3624 960 3690 augurem
995 3601 1181 3665 fuiss'e
1220 3620 1352 3665 non
1376 3598 1679 3665 constat?
1728 3601 1902 3664 Pon-

384 3702 640 3768 tificem
676 3720 826 3763 eum
872 3710 1130 3771 tantum
1170 3695 1475 3811 appellat
1519 3694 1800 3774 Cicero,
1832 3686 1900 3775 d)

389 3813 456 3865 et
488 3799 628 3862 alio
660 3798 861 3878 loen,
913 3800 965 3871 ⁶)
1020 3815 1172 3857 cum
1215 3798 1355 3879 ejus
1383 3790 1721 3881 pontificis
1757 3813 1901 3856 mu-

361 3894 504 3962 'nia
549 3895 1009 3982 persequitur,
1065 3892 1234 3954 haec
1295 3892 1429 3955 ait:
1514 3900 1575 3955 te
1633 3888 1901 3975 appeffo,

386 3994 688 4069 Lentule,
742 3993 837 4054 tui
877 3988 1210 4069 sacerdotii
1237 3988 1392 4071 sunt
1425 3983 1701 4073 mensae,
1753 4007 1902 4052 cur-

383 4092 623 4165 ricula,
674 4089 1074 4173 praecentio,
1128 4083 1294 4162 tadi,
1344 4083 1707 4164 libationes,
1758 4103 1906 4171 epu-

379 4184 596 4274 laeque
630 4186 916 4253 &dotum
959 4182 1366 4270 publicorum.
1462 4183 1694 4266 Augur
1731 4179 1775 4244 fi
1804 4177 1907 4245 fu-

465 4453 522 4508 a)
563 4451 812 4525 Appiani.
850 4453 913 4507 B.
951 4454 1017 4513 C.
1054 4452 1120 4509 1..
1159 4454 1240 4512 11.

393 4520 506 4585 111.
542 4539 585 4574 e.
614 4533 701 4590 83.
898 4522 957 4593 d)
993 4522 1064 4578 de
1099 4518 1340 4594 Harusp.
1370 4517 1514 4592 resp.
1546 4536 1593 4572 c.
1629 4520 1685 4575 6.

497 4665 689 4754 (ναι.
746 4660 890 4757 ν..)

1427 4446 1639 4509 blcic.
1675 4446 1946 4505 aarum.
1986 4447 2054 4504 1..
2095 4447 2230 4501 xn
2267 4462 2361 4520 ep

1881 4518 1933 4584 e)
1971 4515 2107 4571 ii.bd
2144 4535 2192 4570 c.
2230 4532 2312 4572 ιο.

1983 933 2436 1004 praepetum,
2493 922 2818 1004 garritum
2892 920 3229 1004 oscinum,
3278 926 3510 1008 pullo-

1980 1035 2131 1079 rum
2218 1014 2471 1099 pastum
2518 1062 2538 1093 ,
2603 1016 2977 1099 tripudium
3071 1016 3509 1101 solistimum,

1984 1131 2162 1195 quae
2193 1110 2535 1175 observari
2579 1131 2906 1196 augurum
2940 1109 3115 1175 fuit?
3215 1118 3307 1178 At
3340 1136 3508 1181 vero

1981 1205 2195 1270 filium
2237 1226 2555 1292 augurem
2594 1197 2833 1269 diserte
2877 1201 3353 1283 dixit‚citatus
3397 1209 3505 1276 'su-

1982 1321 2111 1389 pra
2151 1300 2313 1364 Dio.
2414 1304 2685 1365 Patrem
2728 1303 2933 1366 etiam
2976 1313 3059 1376 ac
3114 1305 3330 1369 filium
3371 1328 3508 1370 me·

1982 1409 2211 1462 morat
2250 1398 2525 1477 Cicero,
2577 1418 2731 1462 cum
2792 1411 3071 1478 narrat,
3139 1399 3506 1490 profligato

1982 1497 2054 1557 in
2134 1493 2481 1556 Thessalia
2563 1494 2894 1592 Pompejo
2990 1495 3183 1559 illum
3242 1497 3511 1578 Rhodi,

1982 1589 2163 1653 hunc
2186 1587 2646 1652 Alexandriae
2689 1602 3210 1655 commoratum.
3237 1581 3293 1676 ¹)
3326 1594 3516 1678 Quid

1985 1685 2244 1749 multa?
2296 1697 2561 1770 patrem
2576 1701 2701 1771 per
2730 1685 2983 1750 bellum
3013 1688 3508 1775 Pompejanum

1984 1793 2328 1845 mortuum
2379 1781 2579 1865 supra
2611 1802 2699 1845 ex
2747 1782 2892 1867 ipso
2946 1780 3275 1847 Cicerone
3335 1787 3508 1851 indi·

1983 1878 2161 1941 cavi.
2260 1876 2526 1939 Tamen
2562 1874 2706 1940 filio
2745 1897 2995 1964 negare
3028 1877 3163 1941 ausi
3193 1899 3333 1943 non
3364 1882 3510 1946 sunt

1986 1983 2266 2036 num'um
2306 1970 2734 2057 postremum,
2785 1975 2902 2058 qui
2947 1985 3102 2037 ante
3136 1994 3387 2038 annum
3422 1980 3503 2043 V.

1990 2069 2065 2133 C.
2110 2089 2246 2151 727
2286 2080 2571 2155 propter
2635 2069 2945 2132 additum
3007 2067 3290 2156 Augusti
3356 2073 3523 2135 titu-

1987 2165 2128 2229 lum
2162 2166 2431 2252 ‚signari
2487 2184 2623 2228 non
2673 2166 2917 2250 potuit.
3018 2165 3174 2248 Quo
3245 2179 3392 2230 tum
3444 2166 3514 2231 in

1991 2281 2268 2325 munere
2308 2258 2699 2326 constitutus
2742 2260 3095 2327 denarium
3135 2262 3314 2328 hunc
3353 2261 3515 2340 feri·

1992 2358 2158 2434 erit,
2211 2358 2524 2419 decidere
2559 2376 2822 2421 vereor.
2920 2363 3014 2423 At
3063 2380 3144 2424 en
3209 2359 3334 2424 tibi
3387 2361 3510 2424 ite·

1991 2470 2142 2511 rum
2177 2450 2620 2513 Vaillantium
2662 2464 2728 2515 et
2763 2453 3318 2539 Havercampum
3341 2504 3365 2539 ,
3416 2455 3511 2520 11·

1991 2546 2180 2609 viros
2214 2543 2290 2606 in
2330 2546 2718 2609 muneribus
2754 2548 3140 2613 dividundis
3179 2552 3510 2614 exercita·
3608 2576 3613 2582 ·

1989 2642 2285 2705 tissimos
2353 2640 2975 2727 paratissimosque.

1989 2735 2287 2822 Augusto
2324 2735 2748 2800 constitutum
2798 2739 3123 2805 Illvirum
3204 2755 3508 2807 moneta·

1989 2834 2125 2898 lem
2166 2832 2581 2897 confidenter
2614 2835 2947 2898 adserunt.
3046 2837 3227 2924 Ergo
3261 2838 3345 2916 is,
3395 2838 3514 2923 qui

1991 2934 2074 2995 V.
2122 2929 2200 2995 C.
2248 2935 2388 3013 697
2419 2927 2553 2993 fuit
2603 2949 2862 3017 augur,
2913 2952 3052 3012 7¹0
3089 2954 3216 3018 pro
3247 2946 3518 3017 prauo·

1992 3046 2064 3089 re
2095 3026 2323 3094 Asiam
2360 3026 2560 3105 rexit,
2580 3028 2858 3090 tandem
2898 3027 3045 3112 post
3080 3050 3330 3094 annum
3368 3048 3512 3124 727

1991 3125 2311 3187 admotus
2345 3122 2434 3186 ab
2464 3118 2784 3209 Augusto
2823 3120 2911 3186 est
2956 3128 3266 3206 muneri,
3319 3128 3508 3211 quod

1989 3221 2400 3305 principium
2439 3217 2570 3283 fuit
2610 3240 2825 3307 remp.
2889 3223 3204 3303 adeunti,
3257 3236 3324 3288 et
3399 3225 3511 3288 cui

1991 3317 2240 3379 aetatis
2303 3335 2518 3378 annus
2570 3317 2715 3378 XX.
2783 3319 2925 3397 jam
2991 3316 3299 3383 suffecit?
3361 3318 3510 3384 Ad-

1993 3422 2309 3494 optatum
2351 3428 2396 3473 a
2427 3411 2696 3474 Manlio
2738 3430 2824 3473 ex
2879 3411 3106 3477 Dione
3159 3415 3459 3487 vidimus
3495 3465 3521 3501 ,

1990 3524 2226 3567 verum
2271 3505 2460 3568 nulla
2496 3507 2566 3569 in
2610 3504 2715 3571 his
2755 3507 3052 3571 denariis
3101 3526 3187 3569 ex
3223 3529 3518 3592 quacun·

1987 3619 2125 3684 que
2162 3599 2363 3663 causa
2409 3604 2553 3684 ejus
2606 3601 3001 3687 adoptionis
3035 3598 3339 3688 vestigia.

2558 3745 2591 3779 ἢ
2917 3743 2952 3779 ἡ

1992 3790 2195 3883 Coffus
2223 3788 2546 3859 Lentulus.

2284 3884 2791 3953 AVGVSTVS.
2854 3887 3075 3957 DIVI
3145 3884 3225 3950 F.
3311 3886 3518 3974 Caput

1997 3985 2687 4150 COSSVSA'CglslfiiF.
2717 4080 3217 4146 LENTVLVS.
3279 4079 3526 4165 Statua

1997 4168 2247 4270 eq'uqstis
2309 4179 2441 4245 viri
2523 4177 2767 4264 galeati
2795 4177 3093 4266 paludati
3134 4178 3223 4245 di
3266 4184 3524 4267 tropu-

2694 4404 2705 4411 ’
2825 4440 3256 4513 ocae-‚seu
3303 4442 3513 4505 osni.

2413 4459 3257 4609 ¹l')¹⁵0⁰dAuie.LXLep.
3298 4527 3381 4585 ⁸³·

2975 4658 3189 4721 Aa.

3121 2645 3344 2709 Fuisse
3421 2646 3513 2710 ab
3628 2741 3637 2749 ἰ
