4175 5450
713 653 844 702 202
1732 621 1739 628 ·
1811 733 1817 738 ἱ
1952 618 2574 703 noM1T1A.

703 851 815 896 am
843 879 862 910 ,
914 841 1057 896 tum
1113 831 1185 895 in
1218 826 1424 894 fidem
1459 818 1817 906 majestatis
1854 827 2032 890 adeo
2067 846 2219 913 per-

703 927 979 992 mulsisse
1033 928 1296 1006 malaS,
1350 940 1422 990 ut
1458 947 1494 988 e
1529 923 1722 1007 nigro
1775 922 2047 986 rutilum
2075 966 2098 1005 ,
2151 935 2221 1019 et

702 1026 847 1090 aeri
884 1023 1161 1089 similem
1190 1024 1513 1108 capillum
1536 1019 1915 1082 redderent.
2020 1020 2220 1083 Man-

702 1121 837 1184 sisse
880 1124 1089 1186 etiam
1131 1118 1399 1205 insigne·
1428 1118 1597 1181 illud
1644 1116 1712 1177 in
1763 1112 2081 1201 posteris,
2136 1136 2220 1180 ac

703 1238 1025 1304 magnam
1066 1229 1336 1305 partem
1391 1212 1620 1277 rutula
1695 1230 1896 1276 coma
1959 1208 2150 1275 fuisse
2200 1259 2221 1290 ,

702 1315 899 1379 unde.
942 1335 1095 1379 eam
1167 1314 1378 1377 etiam
1435 1308 1901 1375 Tertullianus
1960 1308 2245 1389 barbam,

703 1399 876 1477 bactu
932 1411 1282 1499 irrufatam
1342 1407 1536 1473 dixit.
1588 1402 1653 1488 ι)
1751 1406 2019 1470 Horum
2088 1406 2226 1493 pri-

701 1526 852 1572 mos
903 1506 1092 1571 fuisse
1136 1505 1487 1595 plebeiOS,
1541 1514 1796 1567 certum
1832 1502 1920 1566 est
1978 1524 2064 1567 ex
2105 1503 2228 1566 tri-

699 1603 964 1668 bunatu
998 1603 1133 1691 pl.,
1185 1623 1388 1688 quem
1476 1600 1840 1687 gesserunt,
1918 1600 2227 1665 adiectos

700 1698 982 1768 subinde
1027 1701 1096 1764 in
1132 1700 1461 1786 patricios
1490 1744 1509 1774 ,
1565 1699 1811 1762 eodem
1871 1696 2027 1761 loco
2088 1709 2225 1760 tra·

702 1795 806 1860 dit
839 1797 1229 1876 Suetonium,
1328 1794 1569 1925 Caluini
1603 1794 1882 1884 plebeii.
1933 1791 2230 1864 Corbulo.

1273 1945 1305 1980 ἡ

698 1986 1183 2060 Ahenobarbus.

989 2084 1696 2154 AHENOBARBVS.
1752 2085 1956 2172 Caput
1997 2084 2230 2153 nudum

996 2186 1354 2254 barbatam.

707 2287 858 2357 CN
915 2273 1401 2349 DOMITIVS.
1472 2280 1663 2343 IMP.
1733 2281 1953 2348 Prora
1998 2283 2183 2347 navis
2209 2328 2230 2359 ‚

689 2389 896 2474 fiapra
931 2401 1117 2470 quam
1148 2390 1557 2470 tropaeam.
1598 2380 1750 2452 AR
1806 2379 1891 2443 R.

1001 2475 1240 2544 Eadem
1267 2476 1545 2560 adversa.

708 2576 852 2643 CN.
885 2574 1347 2641 DOMITIVS
1395 2572 1473 2637 L.
1511 2573 1589 2635 F.
1646 2571 1837 2638 IMP.
1916 2559 2231 2657 Templum

707 2697 778 2764 4.
819 2673 928 2740 col.
946 2719 966 2753 ,
998 2674 1205 2760 juxta
1228 2668 1437 2760 quod.-
1485 2669 1753 2734 NEPT.
1853 2669 2003 2736 AV.
2022 2669 2234 2743 RRR.

710 2772 1168 2860 (Pembrock,
1239 2767 1462 2833 Catal.
1512 2768 1580 2830 d’
1616 2767 1913 2851 Ennery,
1983 2765 2236 2834 Comit.

711 2871 796 2934 de
838 2868 1089 2935 Vitzai.
1190 2863 1298 2929 Est
1333 2866 1541 2928 etiam
1598 2860 1670 2926 in
1714 2863 1942 2927 museo
2006 2862 2235 2927 The'u-

706 2967 891 3051 poli,
941 2963 1057 3029 sed
1100 2964 1283 3028 male
1341 2959 1756 3045 descriptus,
1838 2972 1906 3022 et
1967 2962 2236 3024 Romae

703 3064 772 3125 in
819 3059 1048 3125 museo
1092 3057 1560 3123 bibliothecae
1618 3054 2142 3140 casanatensis.)

997 3155 1218 3220 ANT.
1280 3154 1467 3219 IMP.
1544 3152 1834 3221 IIIVIR.
1886 3156 1966 3219 R.
2019 3155 2094 3219 P.
2149 3153 2228 3217 C.

1009 3253 1211 3337 Caput
1243 3249 1517 3319 Antonii
1534 3242 1789 3328 nudum,
1834 3270 1996 3335 pone
2014 3250 2234 3318 lituu&

710 3353 850 3422 CN.
909 3348 1244 3416 DOMIT.
1292 3342 1991 3412 AHEN'OBARBVS.
2038 3347 2232 3416 IMP.

708 3453 928 3520 Pron-a
968 3450 1156 3513 navis
1177 3498 1197 3531 ‚
1226 3447 1432 3535 supra
1522 3464 1670 3511 uam
1727 3444 1978 3532 astrum.
2081 3436 2231 3511 AV.

711 3551 862 3614 AR.
915 3543 1122 3634 (Mus.
1171 3541 1397 3624 Caes.)
1511 3542 1733 3626 trique
1768 3542 1978 3607 RRR.

809 3645 903 3709 Hi
947 3641 1210 3706 denarii
1243 3639 1582 3725 pertinent
1629 3638 1721 3702 ad
1769 3635 1892 3711 Cn
1939 3638 2232 3704 Domiti-

712 3744 881 3807 tium
920 3743 1059 3829 ejus
1098 3739 1181 3803 L.
1204 3736 1505 3801 Domitii
1534 3733 1795 3813 filium,
1869 3737 2015 3820 qui·
2006 3740 2110 3801 -.V
2145 3734 2232 3800 C.

722 3856 857 3920 705
916 3837 972 3898 Ι.
994 3811 1290 3897 Caesari
1338 3829 1767 3896 Rubiconem
1830 3834 2233 3921 transgresso

630 3960 635 3967 ·
712 3931 1001 4005 resistere
1044 3930 1289 4007 ausus,
1313 3940 1506 3991 mox
1548 3925 1830 3993 Corfinii
1873 3930 1937 3995 se
1985 3931 2234 4015 dedere

714 4041 1036 4105 coactus,
1091 4045 1382 4110 cumque
1416 4024 1700 4089 victoris
1736 4027 2099 4091 clementia
2153 4026 2235 4089 Ιί-

712 4126 965 4194 bertati
1002 4121 1501 4200 restitueretur,
1546 4121 1954 4208 -Pompejum
1988 4124 2238 4186 iterum

712 4227 1000 4289 sectatus
1026 4222 1117 4287 ad
1131 4218 1530 4284 Pharsalum
1544 4218 1918 4285 succubuit.
1968 4207 2036 4302 b)
2091 4219 2240 4305 Ipse

714 4326 888 4387 inter
941 4317 1242 4384 conscios
1288 4314 1739 4380 Caesarianae
1776 4317 1959 4380 necis
2029 4338 2239 4401 quan-

715 4440 920 4508 quam
955 4416 1177 4483 insons
1220 4416 1584 4479 damnatus
1641 4412 1788 4498 lege
1865 4412 2083 4476 Pedia
2150 4414 2242 4478 ad

1488 4653 1545 4721 b)
1582 4653 1729 4707 Suet.
1763 4656 1829 4706 in
1860 4652 1993 4706 Ner.
2032 4672 2079 4706 c.
2118 4670 2170 4716 2,

719 4662 839 4782 Aa)
879 4657 1049 4730 Apol.
1086 4673 1133 4714 e.
1174 4671 1258 4709 22.

1702 4721 1761 4792 d)
1797 4722 1948 4785 Suet,
1982 4720 2124 4777 ibid.

719 4731 873 4800 Aipp
877 4745 969 4781 an.
1006 4726 1151 4787 Bell
1187 4727 1293 4783 eir.
1333 4724 1398 4777 L.
1435 4724 1508 4777 V.

2311 828 2592 891 Brutum
2628 825 2688 888 se
2722 824 3030 907 contulit,
3081 825 3229 915 post
3259 831 3445 912 cujus
3486 824 3832 891 =interitum

2313 923 2735 987 commissam
2772 923 2888 987 sibi
2923 925 3190 990 classem
3241 927 3514 991 retinuit
3566 937 3828 1003 tamen,

2316 1033 2384 1083 et
2415 1021 2787 1084 Octaviani
2825 1041 2968 1085 rem
3003 1025 3416 1087 maritimam
3477 1043 3599 1113 per
3661 1022 3830 1084 Ioni-

2316 1137 2430 1180 um
2463 1119 2786 1203 vagando
2818 1166 2837 1200 ,
2895 1132 2962 1182 et
3011 1120 3257 1184 Italiae
3306 1119 3463 1182 litus
3521 1116 3827 1182 infestan-

2319 1214 2408 1278 do
2461 1214 2763 1300 graviter
2800 1214 3089 1280 adflixit.
3211 1209 3528 1279 Partibus
3586 1213 3831 1299 ubique

2316 1309 2701 1398 profligatis
2741 1314 2826 1377 V.
2868 1307 2944 1377 C.
2990 1321 3130 1394 714
3165 1315 3255 1376 ad
3301 1313 3397 1378 M.
3461 1311 3831 1375 Antonium
3891 1367 3902 1372 ,

2318 1408 2552 1495 sponte
2593 1410 2935 1488 transivit,
2989 1408 3298 1495 solusque
3339 1409 3665 1485 omnium,
3720 1407 3832 1490 qui

2318 1507 2473 1593 pari
2513 1506 2661 1592 lege
2703 1507 3010 1571 damnati
3053 1505 3243 1570 fuere
3268 1554 3287 1585 ,
3363 1503 3696 1568 restitutus
3767 1504 3838 1566 in

2318 1603 2617 1690 patriam
2677 1601 3129 1690 amplissimos
3177 1602 3469 1667 honores
3526 1599 3616 1663 est
3682 1601 3838 1665 ade·-

2319 1712 2500 1785 ptus.
2604 1700 3094 1787 Redintegrata
3183 1697 3569 1763 dissensione
3653 1697 3839 1760 civili

2317 1794 2434 1859 sub
2463 1795 2686 1882 ipsum
2709 1795 2871 1860 belli
2902 1798 3171 1861 Actiaci
3204 1797 3555 1860 discrimen
3583 1793 3672 1858 ab
3705 1799 3835 1857 An·

2316 1894 2515 1956 tonio
2547 1893 2638 1956 ad
2671 1891 3029 1978 Caesarem
3062 1891 3447 1974 transmisit,
3502 1891 3632 1956 sive
3652 1890 3837 1976 quod

2318 1987 2637 2052 sinistrum
2671 1991 2928 2054 exitum
2957 1992 3420 2076 praevideret,
3475 1988 3630 2067 sive,
3656 1987 3839 2072 quod

2314 2088 2656 2150 Antonius
2715 2087 3026 2168 jactabat
3058 2138 3080 2172 ,
3157 2086 3485 2152 desiderio
3572 2087 3837 2151 amicae

2319 2182 2651 2247 Serviliae
2697 2184 2979 2264 Naidis,
3033 2204 3169 2248 non
3201 2197 3433 2248 tamen
3472 2184 3587 2247 diu
3613 2183 3838 2269 ¹super-

2318 2277 2451 2343 fuit
2481 2329 2502 2361 ,
2555 2282 2792 2367 paucis
2841 2280 2986 2366 post
3032 2281 3297 2346 diebus.
3346 2278 3721 2347 exstinctus».
3771 2267 3834 2371 ⁶)

2321 2378 2479 2442 Fuit
2522 2375 2636 2439 hic
2672 2374 2968 2442 Neronis
3009 2378 3300 2443 abavus.
3356 2368 3412 2457 θ)

2417 2475 2530 2538 Ad
2571 2475 2923 2538 denarium
2959 2477 3257 2563 priorem
3305 2475 3488 2559 quod
3545 2475 3835 2554 attinet,

2323 2570 2636 2635 censebat
2674 2574 2968 2657 primum
3007 2574 3551 2657 HavercampuS‚
3605 2570 3838 2634 Domi·

2322 2670 2490 2733 tium
2523 2669 2706 2733 suam
2756 2669 2955 2755 ipsius
2994 2667 3288 2757 effigiem
3328 2668 3637 2754 exemplo
3673 2668 3842 2731 Bru·

2321 2768 2374 2829 ti
2416 2769 2486 2830 in
2535 2785 2619 2830 eo
2662 2767 3097 2853 proposuisse.
3200 2766 3427 2830 Ser-ius
3455 2764 3843 2861 rectiusque

2322 2864 2386 2926 se
2428 2865 2610 2926 idem
2643 2864 3043 2928 retractavit
3075 2862 3470 2941 adserendo,
3522 2857 3581 2942 )
3631 2858 3844 2946 caput

2322 2959 2489 3022 illud
2514 2960 2849 3045 pertinere
2881 2961 2967 3023 ad
2988 2956 3842 3046 primumAhenobarbum

2327 3068 2677 3121 auctorem
2717 3054 2971 3142 stirpis,
3026 3058 3187 3141 quia
3231 3054 3528 3121 barbam
3585 3054 3840 3133 habet,

2327 3173 2505 3237 quae
2523 3155 2716 3233 hujus
2748 3155 2964 3217 aetati
2995 3174 3130 3217 non
3149 3154 3494 3218 convenit.
3520 3190 3532 3195 -
3594 3152 3838 3228 NaviS,

2322 3251 2790 3335 templumque
2825 3250 3124 3337 Neptuni
3193 3251 3575 3337 potentiam
3637 3247 3838 3312 mari-

2322 3347 2562 3411 timam
2604 3394 2623 3425 ,
2690 3359 3054 3433 tropaeum
3138 3345 3402 3411 exustas
3477 3345 3842 3410 Octaviani

2321 3445 2631 3510 triremes
2667 3444 2995 3513 indicant.
3097 3444 3326 3527 Quare
3347 3462 3701 3507 mimorum
3723 3462 3837 3505 ae-

2320 3556 2428 3607 tas
2471 3541 2685 3606 facile
2729 3562 2816 3605 ex
2854 3541 3051 3627 supra
3091 3542 3292 3606 dictis
3326 3541 3688 3625 colligitur,
3739 3538 3844 3602 uti

2311 3651 2389 3704 -et
2429 3639 2614 3702 numi
2648 3638 2766 3703 111.
2811 3685 2832 3717 ‚
2914 3640 3031 3723 qui
3075 3637 3429 3725 praeclare
3481 3636 3842 3700 confirmat

2322 3756 2444 3812 ea,
2498 3753 2673 3818 quae
2718 3735 3072 3820 Appianus
3107 3737 3191 3800 de
3239 3738 3393 3816 ejus
3421 3734 3510 3796 ad
3557 3733 3846 3796 Antoni-

2321 3853 2435 3896 um
2479 3829 2883 3894 transitione
2955 3834 3328 3896 memoriae
3414 3831 3737 3918 prodidit.
3787 3818 3844 3907 f)

2320 3925 2532 4006 Astri,
2586 3929 2822 4012 quod
2803 3949 2875 3993 ln
2922 3928 3140 3992 altero
3175 3930 3309 3994 hoc
3347 3929 3632 3992 denario
3673 3927 3846 3991 navi

2311 4025 2666 4104 imminet,
2715 4026 2978 4091 incerta
3019 4024 3438 4113 significatio.

3076 4218 3107 4252 ff

2421 4315 2565 4390 CN
2594 4315 2831 4379 DOM.
2862 4268 3246 4388 PROCOS.
3285 4319 3355 4382 in
3401 4317 3620 4383 numis
3651 4319 3853 4384 colo-

2315 4415 2479 4478 niae
2528 4414 2882 4480 Panormi.

2434 4656 2483 4719 c)
2519 4653 2718 4708 Suet.
2704 4674 2760 4708 m
2799 4655 2927 4707 Ner.
2951 4673 3009 4707 e.

2316 4724 2371 4794 e)
2405 4741 2467 4795 p,
2504 4737 2622 4795 455.
2807 4724 2852 4794 i)
2885 4724 3024 4778 Bell.
3059 4727 3161 4777 civ.
3195 4725 3267 4786 L.
3304 4725 3377 4779 V.
3415 4743 3463 4787 c
3497 4743 3589 4795 50·
3626 4726 3745 4801 seq.

3044 4671 3098 4723 3.
3168 4654 3521 4717 vei,ueust.
3558 4656 3633 4710 11.
3672 4677 3727 4719 0
3765 4671 3874 4730 84-
