4175 5450
688 610 823 695 29⁶
1029 601 1037 608 ·
1516 601 1609 699 χ
1841 591 2584 686 ,coscomA.

679 803 919 874 Eadem
967 800 1201 889 aver-fin.
1353 791 1761 880 (Pembrock
1790 798 1867 865 Ρ.
1910 800 2034 868 ΙΙΙ.
2056 798 2202 867 tab.

688 901 791 987 9.)
841 903 987 966 AR.
1040 899 1312 963 RRRR.

798 1067 805 1078 ‚
977 997 1181 1081 Caput
1210 995 1472 1061 Cereris.

678 1094 920 1165 Eadem
951 1091 1189 1179 aversa.
1287 1091 1434 1154 AR.
1488 1088 1700 1176 RRRg

775 1191 1116 1283 Restituta
1158 1190 1347 1253 etiam
1378 1207 1419 1251 a
1461 1186 1766 1271 Trojano.
1816 1184 1964 1249 AR.
1980 1182 2194 1251 RRR.

769 1291 850 1353 In
891 1287 1210 1353 denarios
1240 1285 1369 1350 hos
1398 1282 1665 1369 prolixe
1700 1293 2199 1345 commentatur

672 1384 1118 1453 Baudelotius
1143 1429 1166 1460 ,
1217 1382 1335 1465 qui
1390 1379 1646 1465 primus
1684 1398 1966 1448 aureum
1998 1377 2196 1458 hujus

676 1481 892 1569 gentis
926 1479 1276 1564 vulgavit,
1324 1497 1371 1541 a
1404 1495 1540 1561 quo
1595 1487 1825 1540 tamen
1874 1477 1945 1539 in
2023 1495 2197 1539 non-

678 1577 881 1643 nullis
920 1575 1255 1638 diss'entire
1286 1591 1517 1658 cogor.
1618 1571 1751 1636 Hic
1809 1570 1894 1654 Q.
1936 1568 2195 1637 Cornu-

673 1672 867 1742 ficius
918 1671 973 1736 1.
1008 1668 1315 1735 Caesaris
1349 1680 1580 1754 partes
1636 1668 1896 1732 secutus
1932 1666 2023 1732 ab
2058 1669 2193 1732 hoc

677 1788 858 1835 anno
895 1771 983 1841 V.
1031 1765 1107 1830 C.
1149 1767 1286 1848 706
1318 1766 1387 1829 in
1435 1764 1783 1849 Illyricum
1820 1784 1946 1850 pro
1991 1785 2195 1851 prae-

686 1869 836 1931 tore
873 1863 1099 1927 miss'us
1137 1860 1388 1926 strenue
1422 1860 1756 1926 barbaros
1796 1861 1973 1925 ultus
2002 1859 2117 1939 est,
2139 1861 2203 1947 ⁸)

686 1983 769 2027 ac
796 1959 978 2026 forte
1022 1981 1110 2025 ex
1146 1979 1233 2022 ea
1285 1958 1486 2024 causa
1533 1960 1940 2044 imper-atonis
1986 1958 2199 2043 digni·

680 2071 897 2126 tatem
928 2067 949 2138 ',
1002 2077 1140 2142 qua
1181 2055 1251 2118 in
1281 2054 1390 2119 his
1422 2055 1643 2118 numia
1679 2055 2030 2141 gloriatur,
2081 2052 2201 2117 ab·

690 2153 888 2223 flunt.
989 2153 1225 2217 Miss‘us
1275 2151 1520 2215 deinde
1580 2152 1650 2216 in
1699 2152 1972 2235 Syxzam
2030 2147 2203 2214 testi-

682 2251 811 2317 bus
865 2249 1212 2315 Ciceronis
1256 2245 1591 2334 epistolia,
1645 2268 1932 2332 quarum
1973 2245 2202 2332 plures

681 2349 856 2416 liber
900 2348 1054 2414 XII.
1098 2346 1418 2410 continet.
1513 2341 1666 2406 Post
1704 2341 2011 2407 Caesaris
2051 2362 2201 2406 cae-

680 2446 838 2510 dem
885 2441 1199 2507 Africam
1231 2452 1531 2505 veterem
1569 2460 1695 2527 pro
1745 2451 2063 2526 praetore
2101 2456 2204 2500 re·

685 2542 815 2609 xit.
915 2539 1214 2605 Subinde
1247 2557 1400 2602 cum
1422 2534 1588 2602 stare
1610 2555 1736 2621 pro
1758 2555 1944 2621 rep.,
1998 2553 2207 2621 quam

596 2658 605 2671 ·
680 2658 927 2727 parere
960 2635 1231 2701 Illviria
1263 2632 1499 2697 mallet
1521 2679 1543 2711 ,
1595 2653 1640 2695 a
1669 2631 1902 2700 Sextio
1929 2678 1952 2707 ,
2002 2649 2208 2715 quem

688 2737 1113 2806 Octavianus
1151 2730 1436 2797 Africae
1501 2748 1728 2798 novae
1807 2726 2148 2819 praefecit
2173 2771 2206 2812 ‚

2282 799 2467 868 bello
2503 796 2795 884 petitus,
2846 794 3201 888 victusque
3233 809 3302 866 et
3351 799 3802 890 interemptu}

2191 893 2202 972 ⁵.
2281 893 2396 962 est·
2447 890 2508 976 b)
2689 930 2696 938 .
3191 917 3196 934 .

2381 989 2604 1077 Caput
2636 991 3000 1058 barbatum
3051 1002 3408 1059 cornutum
3459 994 3796 1060 Baudelo-

2279 1089 2412 1152 tius
2450 1108 2882 1173 nequaquam
2941 1094 3299 1155 Ammonis
3370 1104 3603 1179 putat,
3682 1091 3798 1157 sed

2277 1185 2524 1261 Fauni,
2548 1189 2734 1269 cujus
2757 1188 3122 1252 sententiae
3151 1200 3226 1252 ut
3246 1189 3548 1254 adseclas
3581 1185 3653 1251 fit
3672 1186 3798 1251 ha·

2278 1280 2579 1358 bit‘uruS,
2656 1303 3072 1371 magnopere
3121 1304 3387 1350 vereor.

2278 1379 2689 1442 Ammonem
2733 1380 3252 1466 Havercampus
3304 1381 3603 1466 priorem
3686 1380 3802 1444 de-

2280 1475 2547 1538 narium
2579 1476 2648 1538 i'n
2679 1475 2920 1541 Africa
2940 1478 3314 1564 perculsum
3352 1489 3573 1564 putat,
3594 1496 3820 1568 quam¹

2278 1570 2674 1634 sententiam
2718 1572 2844 1636 effe
2882 1594 3143 1658 veram,
3194 1593 3331 1637 non
3368 1572 3580 1637 modo
3617 1591 3803 1637 com-

2278 1666 2531 1751 probat
2565 1668 2777 1750 illud·,
2831 1671 3017 1753 quod
3075 1670 3315 1734 rexiss'e
3364 1690 3518 1733 eum
3609 1666 3800 1732 Afri-

2277 1783 2433 1827 cam
2490 1761 2780 1846 constat‚
2831 1767 2944 1830 sed
2986 1768 3193 1832 etiam
3238 1778 3445 1852 caput
3482 1764 3805 1852 elephan-

2286 1861 2340 1923 ti
2375 1860 2555 1946 pelle
2606 1873 2856 1924 tectum
2881 1908 2902 1939 ,
2956 1863 3142 1948 quod
3185 1860 3320 1926 fuit
3359 1861 3650 1925 alterum
3713 1862 3810 1925 A·

2281 1953 2495 2019 fricae
2513 1955 2918 2038 symbolum.
2968 1957 3073 2021 Ex
3102 1970 3274 2043 typo
3302 1958 3575 2022 Iunonis
3608 1955 3810 2043 Sirpia

2284 2064 2399 2115 tae
2434 2065 2722 2139 arguunt
2763 2053 3049 2132 eruditi,
3097 2051 3290 2118 fuiss'e
3344 2051 3806 2118 Cornuficium

2286 2147 2497 2212 domo
2536 2147 2994 2222 Lanuvinum.
3045 2152 3391 2236 Augurem
3425 2170 3577 2215 eum
3622 2167 3830 2216 com--

2284 2244 2538 2330 probat
2575 2264 2712 2308 non
2749 2247 2956 2309 modo
2994 2245 3383 2332 inscriptum
3432 2244 3747 2311 AVGVR

2288 2352 2357 2403 et
2389 2343 2578 2424 quod
2611 2341 2748 2425 ipse
2786 2340 3024 2403 habitu
3053 2342 3362 2425 augurali
3398 2340 3666 2405 effictus
3781 2377 3809 2392 -

2290 2433 2449 2515 stat,
2503 2437 2618 2499 sed
2650 2437 2858 2499 etiam
2894 2437 3077 2520 quod
3116 2458 3163 2501 a
3188 2436 3542 2515 Cicerone,
3593 2438 3711 2523 qui
3735 2448 3808 2499 et

2288 2533 2429 2619 ipse
2460 2551 2681 2618 augur
2714 2530 2884 2614 fuit,
2933 2535 3003 2594 in
3037 2531 3344 2617 pluribus
3374 2534 3475 2601 ad
3506 2552 3658 2599 eum
3681 2532 3811 2609 das

2289 2630 2378 2696 tis
2421 2628 2635 2710 literis
2682 2627 2938 2715 conlega
2970 2628 3316 2701 salutatur.

1655 3072 1671 3088 .
1800 3008 2712 3093 GOSGONIA.

805 3202 989 3293 Gens
1040 3166 1333 3307 plebeia.

2197 3168 2206 3177 θ
2291 3214 2590 3284 PORCI.
2635 3214 2881 3297 LICI.,
2939 3236 3114 3303 quos
3154 3166 3390 3283 omnes
3425 3227 3622 3305 potes
3670 3219 3808 3285 coh

981 3311 1421 3397 L.*COSCO.
1455 3311 1556 3377 M.
1608 3311 1701 3395 F.
1740 3308 1944 3398 Caput
1994 3310 2212 3379 Pada-
2292 3312 2508 3403 leopos
2559 3315 2795 3378 videre
2830 3319 3018 3400 apud
3071 3315 3465 3380 Mox-ellium
3541 3315 3612 3380 in
3667 3316 3811 3379 Do·

987 3404 1090 3480 dis
1130 3410 1413 3497 alatum,
1454 3428 1618 3494 pone
1654 3409 1737 3471 X.
1828 3460 1849 3478 .

692 3512 771 3579 L.
816 3509 989 3580 LIC.
1027 3508 1168 3575 CN.
1221 3508 1462 3572 DOM.
1526 3504 1722 3571 Mars
1763 3503 1970 3572 nudus
2013 3506 2082 3569 in
2121 3505 2216 3573 ci-

693 3613 780 3678 tis
815 3610 985 3696 bigis
1029 3606 1092 3673 d.
1137 3602 1367 3693 hastam
1417 3605 1732 3689 intorquet
1754 3647 1776 3680 ,
1822 3601 1884 3688 JI
1940 3601 2208 3687 clypeum

692 3718 755 3871 g
809 3707 1029 3774 lituum
1089 3703 1445 3768 militarem.

796 3894 1074 3963 Exstant
1101 3890 1364 3959 denarii
1399 3889 1649 3977 copiosi
1709 3889 1956 3956 iisdem
2007 3890 2208 3954 utrin-

680 4016 828 4084 -que
870 3993 1056 4080 typis
1090 4038 1111 4070 ,
1163 4001 1232 4052 et
1278 3988 1511 4053 serrati
1571 4005 1847 4068 omnes,
1912 3989 1981 4051 in
2050 4003 2214 4070 quo-

696 4113 848 4163 rum
888 4083 1468 4167 omniumaversa
1518 4083 1742 4170 legere
1786 4080 1875 4147 est
1919 4083 2000 4149 L.
2040 4078 2214 4148 LIC.

700 4188 840 4255 CN.
881 4184 1121 4265 DQM.
1220 4183 1442 4251 Vnum
1483 4179 1834 4245 discrimen
1866 4178 2035 4243 facit
2077 4175 2216 4260 epi-

691 4284 947 4373 graphe
989 4279 1298 4358 anticae,
1350 4295 1528 4360 quae
1572 4272 1659 4338 est
1691 4274 1845 4340 vei:
1900 4275 1997 4337 M.
2058 4274 2214 4335 Av-

692 4380 967 4457 RELL,
1032 4375 1182 4443 vel:
1269 4372 1356 4440 L.
1441 4368 1759 4434 COSCO.
1792 4416 1817 4446 ,
1902 4368 2057 4433 vel:
2137 4365 2217 4436 C.

692 4475 1032 4543 MALLE.
1059 4521 1081 4553 ‚
1132 4469 1284 4537 vel:
1340 4468 1418 4531 L.
1457 4464 1899 4532 POMPONI.
1939 4464 2095 4529 vel:
2131 4463 2208 4529 L.

769 4690 827 4757 ι)
864 4686 999 4741 Hirt.
1036 4682 1176 4740 Bou.
1213 4683 1386 4743 Alex.
1429 4693 1599 4751 «2242.

2293 3410 2513 3474 mitia.
2614 3409 2988 3475 Verifimile
3030 3412 3250 3491 adeo,
3314 3414 3413 3477 M.
3456 3412 3812 3476 Aurelium

2294 3506 2672 3584 Scaurum,
2722 3505 2801 3572 L.
2869 3507 3315 3586 Cosconium,
3382 3504 3459 3573 C.
3518 3507 3813 3572 Poblici·

2286 3622 2402 3665 um
2452 3601 2908 3680 Malleolum,
2993 3604 3074 3667 L.
3149 3604 3645 3688 Pomponium,
3731 3603 3819 3668 L.

1566 3698 1735 3764 Sunt
1797 3697 2032 3763 serrati
2054 3744 2077 3778 ,
2142 3708 2211 3762 et
2286 3699 2605 3764 Porcium
2637 3697 2945 3761 Licinum
2981 3697 3174 3763 fuiss'e
3202 3699 3489 3764 Illviros
3508 3712 3820 3763 moneta-

2289 3795 2427 3871 les»,
2481 3812 2619 3878 quo
2648 3804 2958 3879 tempore
3006 3795 3090 3861 L.
3136 3794 3478 3873 LiciniuS,
3563 3808 3631 3859 et
3687 3794 3816 3861 Cn.

2292 3889 2638 3952 Domitius
2701 3893 2962 3972 majore
3036 3890 3338 3977 quodam
3423 3889 3824 3977 magistratu

2299 4004 2434 4048 una
2463 3982 2680 4048 functi
2726 3986 2907 4064 sunt,
2960 3986 3465 4072 quorum-adeo
3495 3988 3661 4069 juss'u
3712 3987 3816 4052 di-

2296 4079 2465 4146 verti
2485 4081 2558 4144 hi
2589 4081 2851 4147 denarii
2870 4083 3073 4167 esssent
3107 4081 3365 4168 [ignati.
3464 4083 3826 4150 Habemus

2299 4174 2422 4249 Cn.
2486 4176 2869 4244 Domitium
2906 4176 3484 4258 Ahenobarbum,
3593 4190 3662 4245 et
3733 4179 3822 4247 L.

2297 4272 2636 4336 Licinium
2687 4273 2990 4338 Crassum
3041 4275 3350 4343 censores
3405 4276 3500 4341 ad
3563 4296 3830 4341 annum

2298 4370 2383 4434 V.
2429 4367 2510 4438 C.
2558 4370 2734 4447 662,
2783 4371 2876 4436 ad
2918 4389 3213 4455 quos-ex
3259 4382 3485 4435 mente
3548 4374 3836 4437 naver..

2298 4467 2525 4551 campi
2571 4467 2848 4532 aversae
2876 4467 3216 4553 inscriptio
3259 4469 3574 4551 pertinet.
3676 4470 3828 4533 Ta-

1791 4674 1851 4745 b)
1890 4676 2141 4750 Appian.
2163 4675 2316 4729 Bell.
2354 4677 2457 4730 civ·
2491 4673 2560 4727 1..
2599 4674 2703 4733 IV.

3507 1285 3799 1371 Propter
3839 1303 3844 1310 ·

4107 3990 4142 4593 ἐ

4113 4626 4142 5219 Ἰ
