4175 5450
1621 553 2325 681 „CAECILIA
2726 661 2733 666 ,
3431 603 3553 670 252

981 829 1015 866 ,
1159 783 1193 818 '⁶
1983 780 2456 867 qui-triennio
2496 775 2644 865 post
2679 778 2908 844 consul
2926 777 3340 865 procefferit,
3363 779 3544 847 hunc

391 875 706 945 Metellus.
1341 831 1375 867 α
2007 879 2337 966 lignatum
2378 876 2757 953 denarium,
2809 891 2878 941 et
2931 880 3207 961 quidem
3249 877 3548 961 inurbe,

693 974 777 1058 Q.
800 976 1081 1056 METE,
1104 975 1639 1065 ‚CaputPaHadls
1661 977 1923 1061 alatam,
2008 980 2195 1060 quod
2233 976 2458 1062 arguit
2509 975 2818 1048 additum
2872 975 3194 1038 ROMA?
3304 977 3559 1041 Facile·
3608 983 3613 992 “

675 1075 882 1160 juxta
926 1076 1008 1140 X.
1113 1093 1118 1097 ·
2007 1073 2306 1151 dedero,
2359 1073 2555 1156 hujus
2586 1092 2740 1135 eum
2790 1069 3050 1134 Metelli
3107 1072 3273 1153 ess'e,
3315 1086 3415 1138 ·at
3465 1072 3543 1136 li-

394 1171 696 1258 Iuppt'ter
728 1175 796 1238 in
828 1172 1007 1238 lentis
1050 1171 1388 1263 quadrigis
1421 1173 1487 1244 d.
1540 1197 1826 1254 ramum,
1863 1175 1924 1264 s.
2005 1183 2288 1256 gnatum
2319 1182 2501 1247 ante,
2555 1186 2709 1232 cum
2739 1170 2808 1234 in
2850 1170 3112 1231 minore
3147 1169 3540 1257 magistratu

381 1267 666 1355 fulmen,
717 1269 898 1356 infra
938 1270 1231 1338 ROMA.
1334 1272 1490 1338 AR.
1533 1276 1618 1340 R.
2009 1268 2194 1345 ess‘et,
2216 1287 2435 1352 neque
2461 1265 2715 1329 necesse
2736 1245 2856 1343 est,
2878 1277 3047 1351 typo
3067 1265 3258 1329 Iovis
3307 1270 3540 1330 trium·

393 1390 408 1398 ’
498 1367 589 1451 Q.
630 1368 968 1436 ΜΕΤΕ.
948 1389 1019 1433 m
1073 1367 1436 1453 affalibus,
1505 1385 1574 1437 et
1611 1371 1923 1460 partibus
2008 1364 2286 1450 phantis
2334 1365 2610 1429 credere
2688 1363 2924 1428 adludi
2976 1364 3064 1426 ad
3120 1363 3544 1449 triumphum

395 1463 592 1528 arsis.
698 1467 842 1530 RR.
2011 1462 2328 1541 Metelli,
2382 1481 2535 1525 cum
2579 1460 2885 1547 Iuppiter
2970 1459 3109 1548 ipse
3161 1458 3391 1578 clarus
3420 1461 3536 1526 Gi-
3622 1459 3631 1466 ’

499 1562 712 1633 Numi
763 1564 836 1628 hi
872 1584 995 1650 per
1035 1577 1242 1650 typos
1282 1567 1479 1649 hujus
1523 1568 1738 1654 gentis
1781 1566 1928 1632 sunt
2007 1568 2245 1645 ganteo
2279 1556 2595 1645 triumpho
2634 1555 2979 1683 exstiterit.

397 1660 869 1744 antiquissimi.
972 1663 1076 1726 Ex
1116 1664 1452 1742 Metellis,
1507 1665 1752 1749 quibus
1804 1684 1926 1728 no·
2764 1655 2797 1689 ¹⁸

325 1775 338 1784 ·
397 1774 556 1818 men
608 1755 844 1838 Quinti
913 1753 1097 1837 fuit,
1167 1761 1371 1847 longe
1448 1761 1926 1825 celeberrimus
2304 1753 2600 1817 ROMA.
2655 1752 2860 1837 Caput
2911 1748 3203 1817 Palladis
3255 1750 3539 1837 alatum,

396 1848 530 1915 fuit
569 1853 668 1935 is,
722 1856 840 1939 qui
879 1859 966 1925 V.
1005 1854 1080 1920 C.
1132 1858 1269 1932 608
1307 1879 1433 1943 pro
1479 1869 1800 1944 praetore
1840 1859 1926 1923 de
2283 1852 2494 1937 juxta
2528 1850 2615 1923 X.
2665 1852 2824 1914 velt
2878 1848 3172 1912 ROMA·
3202 1850 3456 1935 Caput
3413 1874 3541 1937 Ju-

395 1948 765 2029 Andrisco,
815 1954 1026 2040 vulgo
1071 1953 1654 2042 Pseudophilippo
1687 2003 1707 2033 ‚
1790 1955 1923 2020 sce·
2134 1985 2143 1990 -
2299 1950 2493 2013 venile
2528 1945 2947 2012 diadematum
2977 1945 3542 2030 pendentibuscin-

352 2051 360 2062 '
395 2047 555 2110 nico
646 2049 1108 2115 Macedoniae
1187 2072 1345 2139 rege
1411 2052 1867 2140 triumphavit
1904 2102 1926 2135 ,
2309 2049 2505 2122 cinis,
2540 2045 2745 2130 juxta
2775 2044 2857 2107 X·
3111 2063 3131 2079 ⁶

399 2142 793 2208 Macedonici
829 2146 1037 2212 etiam
1081 2168 1461 2234 cognomen
1498 2169 1585 2212 ex
1623 2170 1697 2212 re
1748 2149 1924 2213 bene
2012 2148 2115 2211 M.
2157 2140 2671 2211 METELLVS.
2715 2140 2800 2223 Q.
2830 2141 2922 2209 F.
2986 2138 3191 2227 Caput
3241 2133 3547 2227 elephanti
3660 2138 3665 2142 ’

189 2271 200 2278 -
283 2270 289 2276 -
399 2237 582 2322 gesta
615 2252 878 2308 nactus.
975 2244 1156 2305 Huic
1210 2257 1489 2329 propter
1529 2243 1930 2331 lingularem
2010 2248 2194 2309 intra
2245 2243 2483 2329 clypeos
2541 2237 3016 2326 Macedonicos,
3109 2241 3320 2306 omnia
3366 2239 3550 2306 intra

385 2332 804 2398 -felicitatem
860 2336 1112 2415 alium,
1166 2357 1369 2421 quem
1424 2353 1926 2424 compararet,
1973 2340 2319 2408 lauream.
2419 2338 2569 2401 AR.
2623 2333 2699 2399 C.

399 2448 540 2492 non
574 2433 828 2514 reperit
870 2432 1192 2495 Velleius.
1247 2433 1313 2517 ⁸)
1414 2435 1592 2497 Nam
1656 2446 1928 2521 praeter
2312 2413 2621 2497 ROMA.
2677 2432 2879 2570 Caput
2927 2431 3243 2511 Palladis,
3308 2441 3384 2497 ut
3421 2439 3551 2522 su-

400 2525 813 2591 excellentes
856 2529 1263 2614 triumphos,
1307 2507 1749 2620 honoresque
1788 2549 1931 2593 am·
2299 2549 2450 2613 pra
2521 2575 2531 2584 ·

261 2711 264 2714 Α
385 2621 787 2733 -plissimos,
830 2637 909 2690 et
955 2628 1335 2713 principale
1373 2629 1441 2692 in
1489 2649 1633 2717 rep.
1678 2626 1926 2714 fastigi·
2017 2625 2096 2692 C.
2132 2623 2648 2692 METELLVS.
2739 2623 2871 2689 Vir
2922 2632 3186 2708 togatus
3244 2624 3312 2689 in
3377 2621 3552 2709 bigis

400 2741 564 2799 um,
635 2735 1119 2811 extentumque
1177 2727 1364 2790 vitae
1420 2725 1712 2815 spatium
1767 2744 1931 2812 qua·
2017 2721 2520 2812 elephantorum,
2569 2740 2746 2807 quem
2784 2718 3091 2831 advolans
3126 2713 3421 2789 Victoria
3452 2742 3550 2787 co-
3573 2756 3649 2819 k

381 2819 561 2881 tuor
595 2815 775 2883 filios
826 2819 1110 2899 sustulit,
1169 2843 1446 2888 omnes
1468 2826 1748 2889 adultae
1815 2841 1928 2887 ae·
2015 2832 2233 2890 ronat.
2338 2822 2486 2885 AR.
2536 2817 2616 2884 C.
3339 2892 3343 2896 ,

401 2915 566 2978 tatis
609 2915 806 2996 vi'dit,
860 2938 1097 2982 omnes
1142 2920 1417 3006 reliquit
1460 2918 1835 3009 superstites
1862 2933 1930 2982 et
2311 2918 2515 3004 Caput
2547 2914 2874 2994 Palladis,
2923 2925 2999 2981 ut
3015 2916 3248 3004 supra.

400 3010 994 3079 honoratissimos.
1147 3019 1401 3082 Mortui
1460 3023 1601 3102 ejus
1675 3018 1927 3098 lectum
2015 3018 2312 3083 ROMA.
2364 3016 2562 3081 Mars
2602 3018 2670 3081 in
2696 3017 2841 3082 citis
2884 3012 3097 3100 bigis,
3147 3017 3216 3081 in
3274 3015 3400 3080 imo
3442 3009 3542 3080 ca-

402 3126 533 3193 pro
565 3106 791 3175 rostris
826 3110 1220 3178 sustulerunt
1253 3130 1551 3199 quatuor
1596 3115 1759 3194 filii,
1859 3134 1928 3177 u·
2013 3125 2139 3203 put
2182 3113 2507 3202 elephanti.
2609 3114 2760 3176 AR.
2815 3110 2901 3179 C·

384 3225 527 3269 -nus
566 3207 933 3274 consularis
987 3224 1057 3275 et
1086 3210 1467 3293 censorius,
1520 3214 1694 3277 alter
1771 3231 1932 3275 con·
2315 3212 2523 3297 Caput
2542 3210 2722 3277 Iovis
2744 3209 3135 3289 laureatum,
3166 3211 3376 3299 juxta
3392 3196 3550 3275 RO-

400 3301 681 3389 sularis‚
730 3308 966 3373 tertius
1002 3309 1281 3388 consul,
1349 3322 1629 3392 quartus
1694 3309 1930 3374 candi·
2047 3326 2067 3332 ·
2320 3311 2484 3375 MA.

407 3398 608 3463 datus
649 3403 1074 3484 consulatus,
1129 3425 1334 3488 quem
1395 3407 1731 3469 honorem
1807 3405 1928 3467 ad·
2020 3406 2096 3472 C.
2143 3403 2656 3471 METELLVS.
2698 3400 2946 3482 Navis,
2995 3425 3065 3469 m
3129 3424 3283 3470 area
3329 3402 3414 3483 S,
3494 3414 3558 3470 et

311 3570 318 3577 ‚
410 3506 605 3578 eptus
647 3494 758 3562 est.
861 3500 1107 3563 Eidem
1141 3500 1301 3562 huic
1360 3499 1650 3563 Metello
1713 3501 1932 3562 dena·
2021 3514 2212 3588 caput
2245 3501 2548 3587 elephanti
2572 3498 2873 3585 pendente
2924 3520 3006 3563 ex
3044 3499 3190 3564 collo
3248 3503 3549 3568 tintinna-

406 3590 585 3654 rium
625 3590 804 3657 hunc
857 3594 1294 3660 tribuendum
1333 3595 1716 3682 praedicat
1796 3595 1938 3656 Ha-
2024 3597 2188 3666 bulo.
2288 3599 2430 3661 AE.
2533 3596 2773 3661 Semis.
2874 3596 3024 3663 RR.

408 3705 863 3773 vercampus‚
918 3691 1081 3775 quia
1110 3693 1178 3757 in
1216 3711 1298 3755 eo
1336 3691 1744 3779 proponitur
1784 3689 1942 3775 Iup·
2125 3695 2223 3757 M.
2249 3707 2316 3758 et
2349 3692 2433 3767 C.
2469 3692 2789 3756 Metellos
2835 3691 3025 3756 numi
3055 3689 3128 3754 hi
3169 3690 3558 3770 inscribunt,

410 3784 592 3872 p'iter
623 3780 1085 3873 triumphator
1141 3789 1330 3854 velut
1394 3787 1778 3874 symbolum
1844 3786 1942 3850 sui
2027 3803 2388 3874 utrumque
2430 3786 2645 3852 filium
2678 3788 2772 3871 Q.
2807 3787 3069 3853 Metelli
3095 3782 3557 3865 Macedonici,
3596 3816 3603 3819 ·

411 3882 497 3944 de
531 3881 1110 3972 Pseudophilippo
1146 3888 1497 3974 triumphi.
1599 3885 1716 3949 Sin
1740 3881 1933 3970 istud,
2030 3889 2115 3953 de
2157 3908 2294 3974 quo
2350 3906 2514 3951 mox
2548 3886 2829 3971 egimus.
2868 3902 2872 3906 ·
2953 3887 3256 3969 Vterque
3320 3887 3393 3950 in
3443 3885 3552 3949 his

412 3999 575 4065 ergo
604 3978 752 4066 post
782 3994 1011 4047 actum
1048 3984 1238 4048 suum
1278 3982 1699 4070 triumphum
1738 3981 1943 4069 ligna·
2029 3986 2326 4059 denariis
2363 3981 2643 4049 illustria
2688 3987 3026 4066 majorum
3078 3980 3271 4048 facta
3315 3985 3386 4048 in
3422 4002 3565 4046 me-

413 4086 521 4140 tus
561 4076 652 4140 est
691 4079 805 4143 hic
837 4100 1108 4150 numus.
1206 4085 1303 4146 At
1358 4101 1525 4146 vero
1557 4126 1576 4158 ‚
1652 4099 1938 4166 quomo·
2029 4084 2325 4148 moriam
2355 4093 2679 4160 revocat,
2734 4092 2800 4143 et
2855 4081 3130 4167 quidem
3212 4078 3566 4170 elephanti

416 4172 509 4235 do
540 4174 640 4255 is,
695 4177 813 4261 qui
848 4179 1054 4242 toties
1082 4198 1208 4266 per
1256 4198 1430 4266 opus
1508 4176 1692 4240 suum
1747 4170 1950 4266 negat
2026 4182 2335 4246 indicant
2364 4179 2705 4269 egregiam
2740 4179 3105 4243 victoriam
3140 4178 3287 4242 aL.
3322 4174 3564 4243 Metel·

419 4268 508 4332 ab
587 4273 726 4337 alio
808 4275 1182 4359 perculsam
1268 4286 1665 4352 monetam,
1738 4294 1947 4359 quam
2028 4278 2100 4341 lo
2142 4280 2224 4341 V.
2265 4276 2341 4341 C.
2376 4287 2525 4360 504
2556 4276 2642 4340 de
2691 4274 3080 4341 Asdrubale
3155 4277 3247 4339 ad
3307 4277 3565 4339 Panor-

419 4366 768 4448 quaestore
823 4373 1089 4438 urbano
1139 4386 1205 4438 et
1261 4375 1556 4452 Illviro,
1628 4373 1942 4457 permise-
2027 4395 2220 4438 mum
2257 4373 2590 4457 relatam,
2642 4386 2711 4437 et
2750 4373 3171 4459 triumphum
3214 4371 3436 4436 ductis
3497 4360 3572 4432 in

414 4464 541 4544 rit,
597 4472 641 4528 a
679 4469 831 4532 viro
889 4473 1237 4555 praetorio
1272 4485 1338 4537 et
1384 4469 1830 4556 triumphali,
1883 4484 1951 4536 et
2033 4493 2117 4538 eo
2170 4469 2373 4537 CXX.
2429 4471 2811 4558 elephantis
2871 4468 3055 4534 bello
3150 4470 3375 4555 captis
3424 4464 3569 4530 infi-

484 4679 540 4746 a)
579 4677 643 4732 L.
678 4672 731 4737 Ῐ.
767 4696 813 4732 c.
858 4699 935 4733 ιι.

2112 4764 2163 4817 Ὠ
