4175 5450
266 3881 274 3889 1
394 3807 610 3872 usque
659 3788 827 3872 650.

1247 566 1596 644 ιινινιι
1707 514 2659 645 coNvaAREs.

3447 607 3542 672 ³7
3583 675 3599 706 ,ἢ

387 770 529 836 κατ’
566 761 915 857 dameam,
984 744 1216 849 tamen
1317 769 1518 856 quale
1605 769 1921 856 proxime
2003 781 2161 851 tus,
2218 771 2304 858 de
2385 790 2522 856 quo
2609 790 2788 860 quae
2866 771 3276 862 disputanda
3318 775 3542 868 super·

386 866 637 946 fuerit,
693 887 781 931 ex
826 867 961 933 hoc
1012 867 1333 956 catalogo
1381 881 1735 953 tenemus,
1807 869 1919 931 de·

386 966 550 1030 inde
598 964 785 1051 quod
823 964 984 1029 inde
1022 966 1513 1055 perspicimus,
1567 966 1719 1053 quis
1773 963 1921 1028 fue·

380 1063 471 1128 rit
510 1060 719 1128 stante
753 1061 1113 1155 republica
1143 1076 1466 1133 monetae
1511 1083 1776 1157 aureae
1797 1062 1918 1129 sta-

2001 869 2189 948 sunt,

2275 870 2347 934 in
2432 869 2828 958 proximum
2923 872 3287 942 articulum
3342 876 3537 947 diffo-

2001 985 2107 1031 ro.
3538 1003 3542 1007 .

1845 1456 1879 1534 ς
1955 1409 2057 1517 11J

855 1593 1040 1717 Sitai
1087 1657 1337 1715 moneta
1382 1664 1580 1715 aurea
1609 1645 1826 1737 stante
1869 1666 2008 1734 rep.
2036 1704 2051 1723 ,
2069 1665 2155 1747 ᾳ
2225 1645 2358 1735 lege
2405 1646 2741 1749 ordinaria
2767 1649 3057 1737 fignata.

480 1941 859 2032 catalogus
895 1936 1269 2005 numorum'
1297 1960 1663 2007 aureorum
1715 1960 1926 2028 prae·

378 2041 661 2105 cedente
723 2037 1016 2107 articulo
1083 2038 1468 2127 propositus
1516 2037 1922 2130 =disputandi

380 2137 549 2203 mihi
611 2139 967 2204 materiem
1020 2136 1271 2201 obtulit
1292 2184 1314 2217 ,
1368 2135 1553 2212 ‹fitne
1633 2156 1917 2218 revera,

382 2235 573 2320 quod
606 2237 833 2301 adhuc
863 2253 908 2299 a
944 2236 1214 2299 nemine
1239 2235 1312 2305 in
1369 2233 1653 2299 dubium
1707 2250 1917 2298 voca

386 2341 529 2394 tum
598 2332 913 2418 reperiO,
982 2343 1264 2393 moneta
1329 2350 1544 2394 aurea
1605 2342 1919 2415 tempore

385 2427 810 2512 reipublicae
851 2436 936 2491 ex·
994 2425 1145 2511 lege
1220 2424 1574 2489 ordinaria
1634 2423 1917 2510 [ignata.

326 2598 337 2605 ᾖ
383 2523 769 2589 Dubitandi
802 2521 1084 2587 causam
1114 2520 1404 2607 praebet
1437 2518 1704 2607 insignis
1750 2540 1919 2609 pau·

384 2621 558 2691 citas
599 2640 961 2686 numorum
993 2618 1189 2702 hujus
1223 2618 1485 2682 metalli
1511 2663 1533 2697 ,
1615 2636 1793 2702 quae
1844 2628 1922 2680 ut

385 2716 803 2785 manifestius
836 2727 1224 2814 appareat,
1276 2716 1506 2804 placet
1557 2735 1721 2794 eos,
1800 2713 1917 2800 qui

384 2818 559 2902 reip.
606 2814 1028 2903 temporibus
1052 2799 1498 2894 tribuuntur,
1578 2813 1651 2877 in
1706 2811 1917 2902 sylla·

388 2911 552 2976 bum
586 2933 829 3000 cogere
872 2930 1090 2996 usque
1122 2913 1217 2976 ad
1248 2912 1498 2979 Iulium
1558 2908 1917 2976 Caesarem

390 3010 747 3079 deductos,

487 3108 753 3172 Horum
790 3107 928 3171 duo
962 3106 1108 3170 sunt
1145 3122 1443 3192 genera·

490 3205 545 3270 1.
585 3204 887 3292 inscripti
919 3205 1065 3268 solo
1101 3204 1413 3281 ROMA,
1414 3220 1642 3287 quos
1678 3198 1928 3267 videm

388 3303 615 3369 numis
649 3301 959 3391 epochae
994 3303 1046 3365 Ι.
1093 3313 1163 3365 et
1224 3301 1312 3365 ΙΙ.

492 3401 579 3466 ΙΙ.
616 3396 917 3485 inscripti
958 3383 1272 3464 familiae
1320 3381 1595 3460 nomine
1618 3443 1639 3474 ‚
1692 3396 1924 3463 Corne-

394 3500 464 3561 h'i
502 3495 672 3582 Blas
674 3517 861 3578 oms
916 3497 985 3562 C.
1030 3495 1288 3564 Servilii
1315 3538 1335 3569 ‚
1389 3493 1647 3570 Nervae
1664 3541 1687 3576 ,
1734 3489 1929 3562 Furii

394 3589 569 3659 Phili
592 3640 614 3676 ,
668 3591 779 3656 Cn.
805 3592 1076 3657 Lentuli.
1177 3591 1527 3654 Hactenus
1562 3589 1756 3654 citati
1776 3589 1920 3653 om-

393 3708 516 3754 nes
554 3687 787 3776 [ignati
825 3686 1134 3756 feruntur
1171 3686 1260 3751 ab
1298 3703 1480 3749 anno
1526 3686 1610 3757 V.
1649 3682 1725 3748 G„
1776 3697 1919 3768 547

925 3785 1269 3872 Deinceps
1304 3800 1520 3866 usque
1551 3782 1642 3845 ad
1665 3781 1720 3845 Ι.
1755 3780 1926 3845 Cae·

398 3884 652 3949 sarem:
704 3883 795 3949 ct.
838 3881 1036 3950 Clodia·
1061 3930 1081 3962 ,
1133 3883 1475 3964 Numenii,
1525 3881 1759 3958 Arrii,
1814 3879 1928 3946 Ce-

387 3984 493 4066 fiii
513 4031 535 4067 ,
586 3971 818 4048 Metelli
836 4030 857 4062 ,
906 3979 1118 4048 Sullae
1135 4027 1156 4059 ,
1207 3980 1377 4068 Fufii
1415 3976 1646 4044 Caleni.
1724 3983 1729 3988 ⁴

495 4080 600 4146 En
631 4079 762 4143 tibi
801 4090 1022 4149 totum
1059 4078 1388 4142 hactenus
1433 4076 1773 4163 cognitum
1810 4094 1929 4140 nu-

399 4197 672 4242 morum
724 4176 1176 4241 consularium
1215 4186 1583 4240 aureorum
1634 4193 1879 4259 agmen
1908 4221 1930 4254 ,

401 4273 513 4338 sed
555 4293 774 4362 neque
819 4272 994 4339 istud
1024 4273 1391 4347 fincerum3
1436 4290 1602 4337 nam
1634 4270 1794 4334 inde
1817 4291 1930 4335 ex·

2000 1951 2165 2005 neta
2213 1940 2625 2028 peregrina,
2677 1948 2753 2005 ut
2807 1938 3168 2007 verifimfle
3223 1943 3537 2013 dixeram

2003 2036 2296 2111 articulo
2363 2040 2838 2125 praecedente.
2916 2040 3009 2107 11.
3069 2041 3159 2119 ii,
3237 2062 3536 2141 quorum

1995 2133 2182 2200 forte
2221 2146 2417 2201 aetas
2457 2136 2688 2202 verius
2734 2139 2803 2203 in
2834 2148 3153 2225 tempora
3193 2139 3248 2203 Ι.
3293 2124 3546 2205 Caesa'-

1996 2233 2135 2317 ris,
2185 2233 2300 2299 vel
2345 2225 2754 2299 IIIvirorum
2793 2236 3027 2315 cadit,
3094 2257 3302 2323 quam
3355 2238 3542 2310 enim

1998 2330 2084 2393 iis
2127 2328 2430 2416 adsignat
2469 2330 2837 2413 Nauzeus,
2903 2333 3274 2400 arbitraria
3322 2336 3529 2447 saepe
3565 2372 3572 2377 -

2002 2423 2140 2501 est,
2192 2436 2261 2487 et
2317 2427 2475 2490 solis
2540 2428 2707 2492 nixa
2767 2432 3196 2511 conjecturis.
3270 2430 3394 2496 111.
3445 2432 3536 2517 ii,
3602 2483 3606 2487 .

2001 2519 2122 2606 qui
2161 2517 2343 2584 forte
2384 2521 2749 2587 adulterini
2802 2523 2970 2589 sunt.
3070 2525 3255 2590 Nolo
3305 2530 3377 2590 in
3434 2483 3542 2593 vi:-
3602 2580 3609 2585 .

1998 2636 2153 2680 rum
2183 2616 2515 2681 summum
2552 2619 3113 2704 Barthelemyum
3146 2641 3393 2708 parum
3429 2623 3537 2689 of·
3603 2674 3608 2680 .

1996 2712 2271 2779 ficiorus
2305 2702 2534 2782 labem
2572 2714 2974 2804 adspergere
3038 2721 3178 2801 ejus
3247 2719 3363 2786 vel
3413 2722 3533 2785 ad·
3606 2714 3613 2770 ²¹

2001 2807 2343 2877 curationi
2373 2858 2393 2894 ,
2489 2813 2603 2890 vel
2671 2815 2961 2901 peritiae
2993 2861 3017 2894 ,
3103 2834 3314 2902 quam
3383 2813 3536 2906 qu'io

2000 2910 2320 2997 ignorat?
2370 2929 2609 2976 verum
2672 2932 2846 2996 quos
2917 2916 3576 2998 majoremumero,

2002 3028 2090 3072 ex
2139 3006 2365 3073 museo
2415 3007 2970 3100 Pembrockiano
3023 3012 3310 3091 recitat,
3390 3032 3538 3078 non

2007 3104 2188 3169 vidit
2220 3105 2398 3190 ipse3
2449 3125 2650 3171 nemo
2695 3126 2864 3171 vero
2953 3108 3278 3194 negabit,
3357 3112 3539 3174 inter

2007 3219 2256 3267 numos
2302 3199 2698 3284 ejus'musei
2738 3205 2886 3268 aeri
2931 3204 3177 3269 incisos
3223 3206 3539 3273 exhiberi

2008 3300 2429 3364 numismata
2451 3299 2686 3385 aliqua
2713 3300 2919 3365 valde
2950 3301 3274 3388 suspecta.
3327 3303 3545 3388 Quod

2003 3394 2053 3459 fi
2101 3396 2158 3459 F
2160 3396 2525 3478 rolichius,
2575 3397 2688 3461 vir
2727 3399 2897 3462 artis
2939 3397 3206 3464 nostrae
3254 3401 3553 3466 scientis--
3643 3464 3654 3478 ,

2004 3489 2247 3576 fimus,
2297 3494 2524 3579 potuit
2570 3495 2938 3564 nonnullos
3002 3515 3251 3562 aureos
3309 3499 3546 3564 consue

2004 3586 2187 3654 lares
2220 3636 2242 3669 ,
2294 3608 2467 3675 quos
2500 3590 2572 3652 in
2617 3588 2957 3677 Catalogo
2993 3591 3245 3656 cimelii
3280 3596 3550 3660 Vindo·-
3585 3625 3596 3630 ·

2007 3683 2317 3754 bonenfis
2347 3686 2722 3770 indicavit,
2771 3692 2829 3766 ⁸)
2881 3686 3242 3775 agnoscere
3305 3679 3568 3776 genui·‘

2009 3800 2139 3844 nos
2166 3829 2187 3860 ,
2242 3802 2413 3868 quos
2451 3782 2909 3876 indubitatum
2947 3781 3035 3848 est
3073 3783 3201 3848 effe
3232 3786 3545 3876 spurioS,

2010 3875 2221 3943 facile
2272 3881 2481 3944 etiam
2521 3877 2754 3945 illustri
2799 3871 2939 3967 ejus
2995 3880 3206 3948 musei
3271 3886 3541 3949 auctori

2012 3976 2242 4062 potuit
2273 3977 2536 4064 aliquid
2577 3976 2967 4044 humanitus
3002 3980 3337 4050 accidere.
3388 3981 3546 4047 Hos

2015 4092 2179 4160 ergo
2227 4091 2465 4139 omnes
2503 4073 2547 4138 fi
2610 4096 2702 4140 ex
2753 4077 3032 4143 modico
3071 4078 3541 4149 ,consularium

2011 4190 2380 4237 aureorum
2443 4192 2732 4244 numero
2806 4185 3169 4261 praeterea
3233 4177 3546 4259 eximas.

2021 4269 2143 4336 vix
2182 4271 2516 4336 denarius·
2545 4290 2778 4337 eorum
2819 4293 3181 4354 numerus,
3234 4277 3354 4361 qui
3396 4296 3543 4341 om-

400 4369 662 4438 imendi
689 4372 742 4434 Ι.
800 4371 889 4456 ii,
941 4391 1114 4458 quos
1172 4371 1437 4457 primos
1509 4369 1721 4434 citavi
1793 4368 1936 4433 solo
2015 4370 2205 4435 nium
2253 4368 2566 4444 consensu
2619 4371 2790 4457 reip.
2860 4389 3038 4437 aevo
3126 4371 3547 4453 debeantur,

295 4547 336 4556 ,.
401 4462 677 4532 ROMA
721 4466 1122 4557 inscript08,
1174 4469 1293 4556 qui
1326 4468 1555 4540 verius
1607 4465 1753 4531 runt
1784 4486 1933 4532 mo·-

2016 4466 2363 4554 supererit.
2466 4465 2639 4531 Cum
2702 4486 2863 4558 ergo
2944 4481 3089 4533 tam
3153 4471 3364 4566 pauci
3428 4469 3568 4536 [int.

448 4613 3574 4652 W·

473 4678 535 4748 a)
571 4696 707 4754 pag.
742 4680 945 4748 cuV.
