4175 5450
663 619 797 695 ιω
1529 599 2195 702 ANTomA.
2289 597 2979 680 APPVLEIA.

1818 982 2643 1067 ANTONIA.

753 1195 938 1265 Gens
980 1189 1447 1277 antiquissima
1513 1203 1581 1254 et
1618 1188 1913 1277 patricia
1942 1239 1963 1272 ,
2014 1209 2179 1257 nam
2262 1209 2421 1254 eum
2461 1189 2671 1253 etiam
2715 1189 2949 1280 dicunt
2992 1186 3066 1253 hi
3121 1191 3350 1271 numi,
3430 1190 3664 1280 postea
3739 1218 3788 1264 a

656 1299 748 1367 ab
797 1302 1063 1362 Antone
1121 1288 1433 1353 Herculis
1477 1288 1558 1352 F.
1639 1288 1702 1352 se
1776 1288 2180 1353 descendere
2262 1286 2469 1351 Sulla·
2491 1287 2652 1350 inde
2696 1290 2987 1371 ejectuS,
3039 1298 3109 1350 et
3153 1289 3407 1354 occisus
3460 1289 3550 1355 est
3586 1295 3669 1358 V.
3709 1293 3787 1359 C.

655 1387 1118 1486 gloriabatur,
1171 1397 1240 1450 et
1269 1384 1464 1469 hujus
1506 1402 1677 1447 unus
1719 1383 1808 1451 Τ.
1842 1385 2180 1449 Antonius
2266 1385 2402 1465 672
2427 1429 2451 1463 ,
2499 1391 2569 1446 'et
2603 1381 2675 1447 in
2706 1383 2843 1448 hac
2872 1395 3198 1469 praetura
3233 1384 3390 1451 illos
3429 1387 3517 1451 ab
3550 1388 3686 1456 hoc
3710 1391 3790 1455 fi-

654 1491 993 1558 Merenda
1029 1484 1199 1549 Xvir
1241 1481 1469 1565 legum
1513 1478 1960 1552 ferundarum
2002 1479 2179 1560 fuit,
2262 1492 2534 1568 gnatos.
2633 1478 2770 1544 Sed
2814 1498 2934 1544 cur
2991 1478 3349 1546 Sardiniae
3410 1483 3651 1567 causa,
3720 1500 3792 1552 et

656 1600 727 1656 et
776 1587 866 1670 Q.
903 1581 1236 1647 Merenda
1266 1577 1574 1641 tribunus
1647 1577 1968 1642 militaris
2020 1596 2178 1641 con·
2262 1596 2348 1640 ea
2381 1572 2784 1660 tempestate
2846 1590 3143 1664 pacatae
3227 1580 3481 1645 necess’e
3546 1582 3790 1648 habuit

653 1683 856 1749 sulari
908 1676 1277 1767 potestate,
1351 1676 1460 1738 sed
1524 1692 1610 1737 ea
1693 1674 1809 1738 vel
1857 1672 2183 1738 exstincta
2260 1683 2542 1759 praetor
2563 1683 2760 1766 tanta
2792 1675 2997 1759 copia
3016 1671 3221 1738 ferire
3244 1680 3535 1741 numos?
3584 1681 3788 1743 Prae·

657 1781 791 1859 est,
843 1778 956 1843 vel
1014 1776 1105 1839 ad
1167 1771 1437 1858 plebem
1498 1768 1776 1835 transsit.
1878 1771 2016 1835 Sed
2095 1770 2182 1833 de
2259 1781 2452 1832 terea
2492 1787 2583 1831 an
2657 1789 2795 1834 non
2863 1769 3070 1834 altius
3129 1791 3379 1838 aevum
3419 1774 3489 1838 hi
3569 1772 3792 1861 postu-

654 1876 853 1958 hujus
890 1873 1105 1960 gentis
1133 1868 1484 1956 splendore
1518 1867 1746 1931 dicam
1783 1866 2080 1952 amplius
2110 1867 2180 1930 in
2261 1865 2408 1929 lant
2445 1864 2752 1945 denarii,
2803 1868 2970 1952 quia
3020 1866 3256 1935 serrati
3308 1871 3455 1934 sunt
3493 1889 3730 1936 omnes
3758 1874 3791 1935 ’ἒ

656 1975 881 2038 nuruis
929 1970 1050 2032 Mu
1083 1965 1359 2032 Antonii
1401 1964 1659 2029 111viri.
1759 1964 1988 2038 Etiam
2047 1966 2179 2026 An·
2262 1958 2705 2029 Verisimilius
2742 1965 3054 2043 videtur,
3106 1983 3230 2030 eos
3264 1968 3353 2032 ab
3406 1968 3791 2054 antiquiore

656 2071 827 2134 tonii
860 2059 1093 2141 Balbi,
1147 2063 1333 2147 quod
1390 2079 1600 2123 unum
1647 2061 1718 2124 in
1772 2060 1905 2125 bac
1982 2072 2181 2147 gente
2264 2059 2569 2142 quodam
2598 2058 2958 2142 ·Q.'Balbo
2992 2060 3189 2145 hujus
3233 2061 3417 2129 forte
3452 2077 3650 2150 patre
3677 2086 3789 2130 cu-

583 2230 599 2246 ,
658 2181 1037 2253 cognomen
1075 2156 1371 2222 offerunt
1415 2157 1605 2218 numi
1642 2157 1987 2242 Romani,
2035 2154 2181 2220 fue-
2255 2154 2418 2233 sos,
2470 2171 2626 2220 cum
2657 2157 2717 2219 is
2752 2156 3053 2221 urbanus
3092 2173 3374 2244 praetor
3410 2161 3612 2241 ess'et,
3666 2163 3789 2227 eti·

659 2283 735 2326 re
825 2256 1115 2352 plebeji,
1191 2266 1276 2329 ut„
1343 2254 1596 2317 docent
1654 2253 2038 2318 tribunatus
2091 2252 2183 2317 ab
2260 2248 2430 2316 amri
2468 2251 2528 2314 is
2591 2253 2665 2315 in
2747 2252 3107 2326 annalibus
3157 2277 3294 2321 non
3384 2260 3793 2344 reperiatur.

660 2357 770 2421 his
819 2356 1016 2421 obiti.
1122 2349 1294 2439 Naso
1332 2347 1421 2413 est
1472 2351 1544 2413 in
1593 2350 1813 2415 numia
1890 2349 2185 2437 peregri·
2268 2346 2378 2411 De
2411 2347 2628 2411 literis
2681 2347 3083 2434 alphabeti,
3152 2375 3331 2440 quae
3385 2356 3454 2418 in
3514 2353 3623 2418 his
3679 2355 3796 2418 de·

662 2453 792 2538 nis,
2258 2443 2482 2508 uariis
2510 2445 2656 2527 jam
2697 2446 2999 2508 anticam
3032 2495 3053 2527 ,
3102 2451 3246 2532 iam
3301 2450 3607 2515 aversam
3645 2450 3794 2516 inii·

688 2571 693 2575 -
1411 2541 1444 2575 ⁴
2260 2539 2474 2640 dent,
2526 2542 2785 2628 egimus
2808 2541 2880 2605 in
2900 2542 3416 2632 Prolegomenis
3452 2568 3606 2635 cap.
3638 2547 3798 2614 vn.

664 2643 936 2718 Balbus.
2253 2639 2309 2718 ²5
2357 2647 2435 2722 Aa
2845 2726 2852 2733 ,

957 2738 1164 2826 Caput
1217 2736 1395 2802 Iovis
1455 2734 1622 2802 laur.
1662 2782 1682 2813 ‚
1743 2755 1911 2821 pene
1945 2734 2031 2801 ¹8.
2067 2732 2187 2816 C..
2847 2784 2879 2818 ,
3031 2734 3064 2770 ¹²
3209 2790 3241 2825 ,

893 2878 902 2883 -
948 2843 1216 2921 propter
1261 2840 1532 2897 mentum
1577 2831 1766 2896 literd
1835 2826 2186 2917 alphabeti,
2269 2829 2372 2897 M.
2409 2829 2735 2897 Antonius
2762 2832 3028 2912 Illvir,
3084 2833 3150 2900 C.
3188 2836 3554 2921 Antonius,

955 2932 1067 3019 0¹1]ss
1094 2934 1162 2995 in
1204 2928 1479 3014 aversam
1526 2929 1918 3014 trajiciatur.
2252 2934 2332 2989 -et
2367 2925 2448 2994 L.
2485 2927 2837 2994 Antonius·
2856 2930 3076 2995 Pietas
3089 2931 3370 3017 fratres.
3430 2970 3437 2979 ·

668 3032 759 3116 Q,
805 3027 1094 3093 ANTO.
1123 3025 1386 3087 BALB.
1436 3022 1578 3089 PR.
1638 3023 1936 3090 Victoria
1965 3023 2046 3088 in
2097 3023 2191 3088 σ’ἱ-
2370 3021 2639 3085 Horum
2667 3043 2955 3107 numos,
3007 3032 3338 3112 quoniam
3384 3052 3543 3097 cum
3600 3028 3802 3098 histo·

667 3132 756 3195 tis
788 3120 1127 3216 quadrigis
1153 3119 1219 3189 d.
1272 3118 1444 3211 elata
1491 3118 1771 3185 lauream
1790 3165 1811 3197 ‚
1845 3120 1911 3207 fi
1975 3116 2194 3183 oblon-
2268 3117 2383 3181 ria
2470 3119 2967 3203 imperatorum
3055 3126 3415 3193 miscentur
3441 3179 3464 3213 ,
3516 3130 3677 3197 vide
3729 3130 3804 3194 in

663 3246 823 3312 gum
854 3218 1102 3308 palam
1149 3234 1395 3282 ramum
1435 3224 1502 3283 et
1556 3236 1685 3281 m
1740 3214 2058 3301 habenas„
2126 3217 2197 3277 in
2275 3224 2559 3279 moneta
2598 3217 3070 3303 imperatoria.

670 3340 825 3389 area
852 3318 1039 3382 litera
1074 3311 1387 3399 alphabeti
1403 3352 1436 3395 ‚-
1489 3314 1607 3403 mss
1657 3315 1727 3378 in
1765 3314 2038 3378 anticam
2086 3310 2201 3376 m·-

663 3420 924 3507 μανίη
1020 3411 1188 3477 Sunt
1223 3410 1460 3476 serrati
1501 3428 1760 3475 omnes.
1859 3408 2006 3474 AR„
2344 3412 2355 3422 ’
2574 3448 2581 3459 .
2846 3460 2883 3497 ,
3029 3412 3064 3449 ⁸
3204 3466 3242 3503 ὕ

769 3515 852 3579 Id
891 3529 1098 3599 genus
1123 3509 1386 3574 denarii
1425 3506 1799 3573 abundant.
1898 3503 2201 3570 Vaillan-
2281 3502 2485 3592 Naso.-
2840 3550 2845 3555 -

675 3612 813 3676 t'ius
832 3622 900 3675 et
917 3609 1440 3691 Havercampus
1479 3602 1798 3689 Pighium
1837 3599 2042 3665 secuti
2067 3619 2204 3665 -eos
2308 3632 2313 3639 ·
2381 3600 2466 3666 L.
2508 3602 2882 3670 Antonium
2916 3605 3256 3674 Nasonem
3284 3627 3813 3698 procuratorem

673 3705 982 3773 ‘referunt
1018 3703 1109 3770 ad
1150 3701 1234 3786 Q.
1288 3702 1658 3768 Antonium
1693 3696 1986 3762 Balbum
2013 3744 2035 3776 ‚
2087 3698 2208 3781 qui
2284 3695 2678 3784 Vespasiani
2722 3704 2884 3768 vide
2915 3704 2986 3769 in
3020 3705 3535 3797 Prolegomenis
3572 3713 3663 3778 ad
3684 3732 3819 3776 nu·
3908 3742 3917 3747 ·

673 3816 959 3893 praetor
1001 3802 1084 3866 -in
1125 3798 1442 3866 Sardinia
1463 3846 1484 3879 ,
1575 3816 1740 3864 nam
1815 3794 2209 3862 Fautorem
2286 3813 2439 3860 mos
2489 3794 2887 3882 Bithyniae.
3018 3810 3025 3815 ”

1772 4074 2785 4192 Asprzzra-

783 4285 975 4352 Gens
1010 4284 1283 4371 plebeia
1315 4334 1336 4366 ,
1387 4306 1474 4351 ex
1505 4303 1645 4371 qua
1684 4281 1817 4348 fuit
1867 4278 2214 4346 tut-bulen·
2286 4280 2457 4370 piae
2490 4281 2673 4370 genti
2700 4282 2910 4351 tribui
2934 4287 3215 4375 possint,
3262 4304 3596 4379 repugnat
3616 4300 3849 4380 pragi·

561 4446 566 4451 ,
690 4404 800 4459 tus
842 4382 923 4451 L.
975 4382 1353 4470 Appuleius
1397 4382 1818 4447 Saturninus.
2297 4398 2551 4444 nomen
2581 4379 2778 4448 Lucii
2820 4387 3177 4473 Appulejis
3238 4385 3633 4470 familiare,
3723 4392 3847 4458 ab

707 4532 732 4546 ..
792 4479 1071 4549 Exstant
1097 4477 1246 4571 affe:
1266 4491 1336 4545 et
1365 4481 1625 4572 mentes
1644 4475 1941 4565 inscripti
1971 4476 2223 4547 LAP.
2299 4476 2549 4564 Appiis
2586 4477 2907 4546 alienum.
3028 4484 3221 4549 Haec
3277 4485 3426 4572 post
3494 4488 3853 4555 Patinum

698 4578 771 4644 in
807 4588 1423 4681 monogrammate.
1514 4575 1615 4641 'Hi
1659 4594 1797 4662 quo
1833 4574 2057 4641 minus
2083 4578 2222 4664 Ap·
2304 4573 2853 4665 Havercampus.
2946 4581 3044 4644 At
3078 4581 3230 4667 plus
3293 4582 3577 4664 causae,
3630 4588 3859 4669 quod
