4175 5450
681 580 775 652 50
1168 541 1623 622 cAPv‘r
1714 545 1858 625 v1.
1962 545 2312 629 Nvm
2411 544 3332 679 costvLAnES.

685 755 830 819 ΑΕ.
864 747 1310 838 praegrandis
1377 748 1640 814 moduli
1715 747 1987 815 formae
2043 770 2206 836 qua·
2282 757 2568 821 tandum
2599 802 2620 837 ,
2666 758 2781 824 sed
2823 780 2870 825 a
2914 764 3145 829 vicina
3179 771 3507 856 quapiam
3549 770 3814 858 gente,'

685 850 1077 915 drilaterae.
2275 851 2611 917 Romanis
2697 868 2926 923 tamen
2990 860 3292 944 subjecta
3321 914 3343 945 ,
3423 868 3790 956 signatum,

764 943 1036 1011 ·Illustre
1066 941 1245 1007 istud
1279 941 1648 1020 cimelium,
1702 945 1887 1027 quod
1913 965 2000 1009 ex
2035 964 2203 1031 opu·
2277 946 2417 1013 late
2444 950 2710 1017 diss'erui
2738 953 2808 1017 in
2840 957 3203 1022 volumine
3235 960 3289 1025 1.
3329 963 3524 1046 hujus
3548 969 3802 1054 operia,

668 1044 869 1108 ·lento
897 1040 1126 1106 museo
1183 1039 1299 1103 suo
1338 1059 1603 1104 mecum
1668 1042 2203 1108 communicavit
2277 1057 2346 1108 et
2391 1046 2851 1117 differtatione
2884 1052 3194 1141 singulari
3223 1056 3647 1146 Campaniae
3680 1083 3804 1129 nu-

685 1161 819 1203 em.
853 1137 924 1202 S.
955 1138 1039 1200 R.
1081 1136 1159 1198 E.
1194 1135 1561 1199 cardinalis
1611 1134 1994 1221 Stephanus
2026 1139 2192 1203 Bor·
2287 1142 2419 1206 mis
2472 1145 2765 1210 adnexa.
2864 1150 3214 1237 Adpendit
3274 1155 3649 1224 hodiernae
3730 1162 3812 1226 li·

682 1239 822 1323 gia,
875 1233 1041 1297 olim
1078 1250 1206 1316 pro
1238 1251 1405 1295 vera
1444 1229 1561 1295 sna
1594 1233 2058 1318 magnitudine
2102 1238 2205 1322 pi·
2287 1237 2453 1303 brae
2487 1241 2843 1309 Romanae
2923 1245 3136 1311 libras
3209 1250 3328 1317 lv.
3408 1258 3646 1321 uncias
3686 1242 3803 1324 l'x.

680 1345 865 1398 ctum
901 1327 1452 1414 explicatamque
1487 1324 1613 1391 stiti
1661 1329 1732 1392 in
1778 1350 1933 1394 mea
1980 1329 2200 1414 Syllo·
2285 1335 2350 1396 T
2348 1337 2474 1422 ypi
2509 1337 2696 1400 nimo
2727 1342 2890 1428 vagi
2925 1343 3095 1409 nihil
3129 1347 3223 1413 ad
3269 1351 3540 1418 causam
3573 1354 3812 1421 idone-

666 1450 765 1516 ·ge
823 1427 879 1490 1.
928 1446 998 1509 p.
1047 1444 1161 1506 90.
1314 1422 1535 1488 Causa
1581 1425 1989 1512 epigraphes
2044 1429 2200 1492 RO·
2285 1449 2400 1495 um
2430 1431 2890 1520 suppeditant.

558 1608 571 1617 ι
670 1520 1040 1589 -ΜΑΝΟΜ
1070 1523 1188 1589 vix
1238 1519 1366 1586 effe
1414 1540 1587 1608 opus
1635 1523 2022 1587 Romanum
2078 1544 2200 1611 pu·
