4175 5450
707 596 801 651 n
1877 552 2328 637 cAPVT
2422 552 2568 633 111.

703 770 1083 837 Romanae.
1182 753 1614 828 Vocabulum
1649 757 1827 825 enim
1870 759 2218 838 denarius,

703 879 778 937 ut
800 862 1099 939 constat,
1147 871 1365 924 totum
1390 856 1706 925 Latinum
1740 855 1850 937 est,
1905 870 1979 922 at
2009 855 2218 921 Grae.

704 981 943 1029 corum
980 976 1221 1022 numus
1260 955 1418 1019 huic
1452 955 1779 1042 analogiis
1821 954 1953 1017 fuit
1979 954 2219 1017 drach-

698 1079 843 1124 ma.
946 1055 1019 1120 Si
1070 1073 1231 1138 ergo
1275 1051 1535 1116 denarii
1590 1052 1662 1115 hi
1704 1052 1895 1116 fuere
1941 1063 2224 1115 moneta

701 1157 1060 1229 Romana,
1114 1148 1446 1232 sequitur,
1514 1162 1789 1234 captam
1839 1170 1927 1219 ex
1965 1145 2222 1211 hostico

703 1251 1037 1339 praedam
1097 1242 1443 1319 constitisse
1514 1248 1802 1330 pecunia
1859 1245 2222 1321 commatis

706 1344 1005 1417 Romani
1048 1362 1167 1427 per
1224 1340 1569 1424 Illyricum
1607 1340 2003 1426 Istriamque
2048 1340 2223 1425 spar-

704 1442 822 1520 fa,
893 1452 960 1503 et
1007 1439 1298 1524 sequitur
1343 1438 1585 1521 etiam,
1653 1441 2014 1523 pecuniam
2076 1440 2222 1502 Ro·

704 1556 977 1604 manain
1034 1538 1173 1615 jam
1239 1552 1325 1597 ea
1382 1546 1648 1612 aetate,
1740 1554 1981 1618 nempe
2037 1535 2223 1601 circa

702 1655 953 1700 annum
1008 1636 1091 1698 V.
1144 1629 1227 1694 C.
1286 1648 1426 1713 577
1463 1676 1483 1707 ‚
1573 1651 1708 1714 quo
1775 1629 2047 1695 Claudii
2103 1634 2222 1695 tri-

702 1730 991 1815 umphus
1030 1728 1383 1814 agebatur,
1437 1728 1608 1788 inter
1642 1740 1870 1811 gentes
1902 1740 2220 1793 externas

698 1824 1000 1891 valuiss‘e.
1104 1823 1308 1906 Quod
1345 1823 1591 1886 deinde
1622 1825 1712 1886 ad
1758 1837 2109 1907 argentum
2136 1826 2216 1888 11-

695 1922 948 2005 lytium
1010 1932 1077 1983 et
1132 1920 1542 1995 victoriatos
1599 1921 1877 1996 attinet,
1962 1923 2168 1989 credo
2195 1969 2215 1999 ,

698 2037 783 2081 ex
815 2018 935 2093 iis,
991 2035 1165 2099 quae
1196 2016 1517 2101 proxime
1537 2015 2066 2100 disputavimus,
2121 2018 2218 2080 sa-

694 2115 782 2177 tis
846 2114 1143 2197 liquere,
1226 2112 1487 2177 utrovis
1540 2111 1886 2175 vocabulo
1936 2113 2218 2196 perinde

691 2208 1173 2296 intelligendos
1193 2208 1544 2293 quinarios
1563 2253 1583 2283 ,
1637 2219 1841 2291 atque
1877 2206 2045 2271 istud
2067 2221 2214 2273 tan-

690 2318 765 2369 to
821 2304 1258 2381 luculentius,
1338 2305 1498 2386 quia
1549 2323 1594 2367 a
1640 2303 1937 2366 denariis
1983 2307 2215 2391 coepit

692 2402 957 2478 Livius,
1012 2396 1182 2485 qu’os
1226 2399 1470 2463 deinde
1510 2400 1824 2485 proxime
1853 2400 2213 2485 sequuntur

691 2498 1003 2583 quinarii.
1102 2498 1196 2559 At
1254 2496 1433 2557 enim
1493 2515 1652 2557 num
1711 2496 1989 2580 probari
2044 2518 2210 2582 qua.¹

691 2597 857 2659 dam
893 2593 1039 2657 veri
1080 2591 1295 2677 speeie
1340 2588 1591 2675 potest,
1642 2591 1919 2655 valuiss'e
1970 2612 2204 2657 mone·

684 2702 829 2758 tam
864 2690 1248 2754 Romanam
1284 2707 1403 2773 per
1439 2687 1787 2770 Illyricum
1829 2709 1913 2752 ea
1951 2701 2208 2769 aetate,

685 2808 824 2871 qua
872 2787 1167 2854 maxime
1217 2786 1359 2866 eius
1399 2785 1710 2847 civitates
1771 2787 2049 2870 propria
2086 2807 2199 2871 pe.

683 2885 885 2949 cunia
921 2881 1068 2945 usas
1110 2877 1405 2954 constat,
1459 2881 1680 2960 quod,
1754 2892 1825 2942 ut
1868 2882 2051 2943 alias.
2088 2883 2200 2944 de-

680 2979 914 3054 mam,
985 2975 1276 3062 probant
1323 2974 1691 3037 drachmae
1745 2976 2205 3060 Apolloniae,

683 3089 749 3140 et
788 3070 1241 3157 Dyrrhachii,
1294 3069 1721 3152 incredibili,
1774 3072 1957 3152 quod
1984 3075 2198 3137 omni.

677 3170 805 3236 bus
844 3169 1047 3253 vulgo
1087 3161 1353 3244 notum,
1410 3185 1687 3228 numero
1726 3164 2011 3251 signati?
2084 3172 2193 3234 Ni-

676 3266 777 3332 hil
838 3262 1155 3350 profecto
1202 3264 1268 3325 in
1313 3261 1417 3324 his
1467 3263 1708 3341 video,
1785 3264 1970 3350 quod
2034 3279 2198 3351 apte

680 3362 1068 3426 cohaereat.

2300 777 2456 822 mae
2533 754 2839 845 pondere
2872 801 2894 835 ‚
3000 756 3165 842 quia
3207 780 3222 787 ’
3279 757 3601 827 denarius
3684 761 3832 834 Ro.

2299 874 2660 921 manorum
2706 874 2835 938 pro
2877 853 3212 921 drachma
3266 854 3690 926 Graecorum
3727 885 3830 930 re-

2299 955 2510 1039 pendi
2571 950 2707 1015 fuit
2749 951 3026 1036 solitus,
3105 972 3242 1036 quo
3282 957 3493 1019 modo
3546 957 3608 1021 is
3657 980 3834 1045 quo.

2306 1068 2438 1134 que
2475 1049 2741 1115 talenta
2787 1060 2854 1111 et
2906 1051 3228 1115 denarios
3271 1053 3340 1115 in
3387 1053 3826 1125 Achaeorum

2306 1160 2584 1211 moneta
2633 1145 2857 1230 posuit
2885 1194 2908 1225 ,
2938 1152 2999 1225 ³)
3058 1158 3179 1210 aut
3213 1164 3351 1233 quo
3381 1153 3591 1215 modo
3618 1153 3830 1236 Quin.

2306 1244 2624 1309 ctilianus
2658 1254 2927 1321 narrat,
2979 1243 3358 1308 Evathlum
3383 1266 3430 1311 a
3449 1249 3829 1336 Protagora

2305 1338 2633 1403 Abderite
2715 1339 3134 1404 rhetoricam
3208 1343 3444 1406 decem
3530 1346 3830 1414 millibus

2305 1437 2742 1501 denariorum
2829 1437 3181 1513 didiciss'e,
3240 1425 3307 1520 1’)
3403 1441 3648 1506 deinde
3727 1448 3828 1509 di.

2305 1545 2488 1598 ctum
2604 1534 2806 1597 Livio
2917 1530 3274 1615 myricam
3345 1608 3364 1623 ‚
3411 1552 3764 1622 argentum
3801 1590 3826 1623 ,

2305 1630 2418 1697 vel
2497 1631 2901 1694 victoriatos
3025 1628 3186 1693 illos
3283 1652 3525 1697 numos
3601 1652 3832 1702 exter..

2300 1747 2470 1804 nos,
2563 1729 2678 1811 qui
2759 1726 3115 1791 dimidiam
3197 1728 3596 1795 drachmam
3693 1756 3812 1821 ap.

2300 1825 2715 1906 penderunt,
2769 1826 2955 1903 cujus
2995 1822 3252 1888 valoris
3289 1828 3506 1912 reipsa
3539 1828 3816 1897 fuerunt

2298 1921 2768 1984 Romanorum
2809 1921 3143 2003 quinarii,
3201 1942 3372 2004 quos
3399 1938 3687 1990 vocatos
3715 1926 3820 1992 fu·

2297 2016 2410 2078 iss'e
2444 2018 2660 2080 etiam
2695 2018 3106 2095 victoriatos
3130 2065 3149 2093 ,
3227 2030 3300 2081 et
3337 2040 3422 2085 ex
3475 2023 3675 2087 causa
3715 2025 3814 2088 su—

2298 2131 2425 2197 pra
2459 2113 2674 2176 allata
2714 2116 2920 2177 etiam
2956 2114 3022 2175 in
3046 2116 3346 2196 quodam
3386 2117 3564 2180 sensu
3594 2120 3816 2203 Illyri-

2300 2227 2377 2270 os
2417 2209 2739 2276 diximus.
2841 2209 3068 2290 Quam
3104 2212 3329 2294 inique
3365 2213 3563 2299 saepe
3609 2237 3816 2281 voca·

2296 2301 2530 2367 bulum
2567 2305 2864 2371 denarius
2918 2304 3159 2369 alienis
3210 2307 3479 2392 populis
3529 2322 3595 2373 et
3638 2324 3820 2376 tem-

2295 2402 2576 2485 poribus
2625 2401 2834 2465 fuerit
2880 2421 2924 2465 a
2969 2401 3810 2493 scriptoribus-tributum,

2293 2499 2434 2578 ejus
2479 2497 2716 2580 aliqua
2775 2497 3094 2580 exempla
3143 2500 3370 2583 capite
3423 2501 3728 2587 sequente
3778 2510 3812 2586 S

2288 2592 2384 2660 11.
2436 2593 2773 2657 dabimus„
2870 2596 3082 2677 Atqui
3132 2608 3451 2679 expertus
3503 2600 3642 2662 sum
3692 2602 3813 2665 eti-

2287 2708 2442 2766 am,
2496 2691 2808 2765 Livium,
2862 2708 3017 2752 cum
3054 2709 3409 2755 numerum
3438 2695 3805 2781 vocabula,

2286 2804 2655 2869 eorumque
2688 2786 2997 2848 valorem
3059 2806 3141 2850 ac
3192 2791 3459 2872 pondus
3509 2812 3832 2858 comme-n

2286 2894 2552 2958 morat,
2633 2893 2982 2945 auctorem
3028 2901 3162 2943 non
3207 2886 3334 2947 ess'e
3383 2880 3804 2970 ἀκριξεςατον,

2285 2979 2652 3062 praecipue
2696 2996 2849 3040 cum
2889 2979 3193 3063 praedae
3243 2981 3333 3043 ab
3371 2982 3667 3048 hostibus
3692 2976 3818 3049 cas*

2283 3084 2444 3156 ptae
2501 3075 2835 3137 rationem
2908 3076 3068 3150 init,
3152 3078 3338 3157 cujus
3389 3078 3810 3146 luculentum

2283 3172 2666 3256 exemplum
2725 3170 3040 3233 dedimus
3093 3173 3161 3233 in
3204 3187 3492 3238 moneta.
3526 3180 3800 3258 Attica,

2283 3265 2539 3330 secutus
2587 3267 2770 3330 haud
2816 3261 3020 3330 dubie
3068 3272 3597 3336 commentarios
3640 3293 3830 3336 conr

1173 3358 1348 3420 Illud
1384 3378 1585 3420 unum
1628 3379 1731 3421 me
1788 3370 1953 3443 puto
2005 3362 2187 3445 poffe
2273 3359 2494 3426 sectos
2555 3364 2645 3426 ab
2700 3363 2826 3437 iis,
2900 3363 3144 3447 quibus
3222 3364 3316 3427 rei
3378 3373 3836 3435 monetariae--

679 3463 1051 3536 conjicere,
1106 3454 1424 3517 denarios
1474 3453 1676 3517 Livio
1721 3473 2195 3538 καταχρηςςκως
2275 3462 2621 3548 negotium
2656 3480 2796 3526 non
2826 3457 2990 3528 satis
3019 3457 3152 3523 fuit
3195 3461 3670 3550 perspectum„

675 3550 867 3622 fiiiss‘e
944 3554 1167 3620 dictos
1237 3569 1503 3619 numos.
1554 3563 1879 3626 externos
1949 3555 2206 3622 dracas,

690 4373 3784 4409 W

703 4471 784 4576 ἰ)
819 4506 888 4569 Σ..
926 4507 1285 4566 ΧΧΧΙῪ..ε.
1318 4527 1417 4582 5⁰»

1580 4506 1637 4577 b)
1675 4504 1848 4563 tamt.
1870 4505 1938 4562 L.
1974 4504 2080 4560 111.
2118 4523 2165 4561 e.
2197 4525 2250 4562 ι.
