4175 5450
548 3464 561 3487 ·
663 3431 792 3497 Cui
827 3432 1006 3495 adde
1046 3431 1477 3503 Varronem,

678 622 817 700 ng

676 803 1102 893 dubitemus,
1155 806 1200 875 fi
1234 804 1536 876 barbata
1582 807 1767 893 sunt,
1814 809 1899 876 iis
1936 811 2194 876 indica-

675 910 739 976 ri
770 911 1011 974 Ianum
1051 956 1072 990 ,
1123 921 1200 974 at
1251 906 1296 970 fi
1344 905 1727 987 imberbia,
1788 907 2013 985 aliud,
2081 928 2194 973 ne-

675 1027 809 1091 que
893 1005 1064 1071 istud
1106 1079 1111 1082 ,
1147 1000 1555 1079 difficulter,
1603 1002 1789 1088 poss‘e
1865 1005 2197 1068 indicare.

670 1103 785 1168 Sic
833 1105 904 1166 in
953 1119 1160 1166 numo
1192 1116 1445 1177 aureo,
1497 1100 1681 1180 cujus
1721 1099 1921 1186 supra
1958 1101 2191 1163 memi-

671 1203 785 1277 ni,
834 1199 907 1262 in
936 1201 1126 1283 cujus
1176 1196 1409 1261 antica
1445 1191 1534 1258 est
1584 1206 1773 1283 caput
1807 1198 2197 1282 geminatum

664 1294 977 1372 imberba,
1026 1295 1097 1357 in
1145 1290 1424 1356 aversa:
1494 1290 1765 1357 ROMA
1791 1341 1811 1373 ,
1863 1302 1924 1359 et
1948 1292 2190 1381 sacrifi·

663 1398 822 1463 cium
865 1398 1142 1457 mactata
1177 1407 1378 1477 porca
1414 1399 1735 1475 peractum
1758 1438 1777 1469 ,
1861 1391 2190 1475 quoniam

662 1491 778 1557 hio
831 1487 1109 1552 aversae
1157 1500 1364 1572 typus
1421 1479 1642 1551 certus
1691 1483 1781 1550 est
1832 1487 1979 1551 initi
2039 1485 2186 1550 foe·

666 1587 852 1655 deris
886 1584 1090 1668 ritus,
1143 1595 1349 1668 atque
1410 1581 1469 1645 is
1524 1602 1812 1669 numus,
1878 1595 1953 1648 ut
2018 1582 2187 1647 alibi

669 1685 1007 1761 diximus,
1059 1692 1127 1770 et
1166 1680 1472 1744 dicemus
1536 1679 1720 1745 infra
1801 1682 1873 1746 in
1958 1681 2185 1744 numis

664 1784 882 1873 gentis
919 1775 1282 1858 veturiae,
1335 1774 1522 1841 haud
1572 1778 1777 1843 dubie
1826 1789 2024 1850 extra
2045 1779 2184 1842 Ro-

665 1903 854 1950 mam
898 1880 973 1945 fit
1016 1875 1362 1965 lignatus,
1429 1877 1685 1943 necess'e
1738 1895 1876 1944 non
1936 1873 2062 1955 est,
2114 1877 2187 1940 in

668 1983 901 2047 antica
957 1975 1283 2063 lignatum
1338 1927 1588 2040 'Ianum
1672 1977 1986 2058 credere,
2071 1972 2188 2037 sed

661 2076 879 2166 potest
918 2094 1111 2140 more
1174 2071 1593 2139 Graecorum
1642 2084 1975 2137 revocata
2030 2089 2185 2134 cum

660 2175 998 2240 Romanis
1049 2172 1209 2233 unio
1239 2164 1642 2258 ἁληγορικως
1680 2168 1989 2253 intelligi.
2062 2169 2184 2230 At.-

663 2292 795 2359 que
836 2284 908 2334 ut
949 2290 994 2333 a
1031 2267 1240 2354 longa
1289 2268 1442 2332 Iani
1494 2265 2043 2352 interpellatione
2096 2262 2190 2327 ad

624 2368 1046 2455 ,praesentes
1078 2362 1155 2431 C.
1194 2363 1464 2429 Fonteii
1500 2363 1819 2428 denarios
1851 2372 2186 2438 revertar,

660 2466 707 2530 fi
764 2467 1004 2528 Ianum
1042 2461 1114 2546 in
1150 2460 1254 2526 his
1316 2459 1666 2556 placuiss'et
1743 2477 2129 2545 proponere
2167 2503 2189 2535 ,

660 2562 883 2627 nescio
928 2580 1047 2625 cur
1084 2557 1463 2622 imberbem
1492 2605 1511 2636 ,
1559 2576 1759 2641 quem
1815 2554 2193 2619 liberaliter

663 2658 1068 2735 barbatum,
1122 2667 1198 2719 ut
1240 2656 1429 2740 longi
1460 2658 1601 2737 ejus
1652 2653 1810 2718 aevi
1841 2672 1991 2716 mos
2020 2650 2194 2715 fere·

661 2757 838 2836 bat,
892 2755 1424 2840 omnitempore
1476 2750 1668 2813 fuisse
1730 2748 2189 2836 propositum,

673 2876 762 2919 ex
800 2853 1002 2917 certis
1041 2847 1496 2914 monumentis
1531 2842 1831 2909 constare
1864 2844 2065 2930 supra
2101 2843 2199 2905 di·

589 2973 600 2983 ·
662 2952 783 3034 xi,
822 2962 903 3015 tet
945 2949 1277 3013 docemur
1319 2943 1614 3029 amplius
1651 2940 1880 3004 verbis
1920 2938 2193 3002 Cicero·

663 2998 809 3111 nis's
858 3042 928 3125 ἃ)
978 3041 1239 3124 Aliquis
1273 3038 1426 3103 mihi
1457 3037 1539 3104 ab
1571 3037 1797 3123 inferis
1826 3032 2198 3101 excitandus

656 3145 780 3232 ss,
830 3159 912 3205 ex
950 3134 1259 3204 barbatis
1295 3134 1453 3211 illis,
1537 3154 1665 3197 non
1725 3132 1842 3198 hac
1884 3130 2195 3209 barbula,

659 3258 786 3327 qua
822 3239 935 3319 ista
975 3231 1318 3299 delectatur
1341 3280 1361 3314 ,
1393 3228 1509 3318 sed
1550 3229 1656 3296 iffa
1696 3225 1987 3305 horrida,
2004 3247 2193 3312 quam

659 3356 731 3402 m
740 3335 980 3421 statuis
1026 3330 1343 3416 antiquis,
1394 3337 1454 3393 et
1484 3324 1872 3413 imaginibus
1899 3323 2195 3392 videmus.

1529 3412 1585 3501 b)
1640 3435 1707 3486 et
1751 3420 2075 3487 Gallium.
2129 3421 2191 3503 ⁶)

662 3533 755 3593 At
797 3548 950 3593 cum
996 3543 1157 3614 gens
1204 3523 1498 3586 Fonteia
1529 3520 1697 3585 deos
1728 3520 2062 3597 Penates,
2115 3516 2197 3581 fi-

661 3645 748 3689 ve
788 3625 1159 3689 Dioscuros
1192 3638 1440 3706 magno
1480 3619 1565 3680 dn
1612 3616 1874 3681 honore
1936 3614 2194 3679 habue-

660 3724 789 3801 rit,
841 3734 1047 3808 atque
1092 3718 1219 3795 hi,
1273 3729 1346 3780 ut
1383 3735 1469 3779 ex
1530 3715 1866 3813 proximis
1931 3712 2191 3776 videbi-

662 3818 860 3897 mu's,
912 3819 1108 3903 saepe
1154 3813 1493 3898 capitibus
1525 3795 1777 3897 jugatis
1842 3809 1961 3873 fint
2035 3828 2194 3893 pro·

1786 601 1795 611 ’
1902 597 2537 689 FONTEIA.

2281 832 2431 878 rum
2474 813 2660 898 quod
2695 812 2975 893 attinet,
3027 808 3280 881 fasciae
3313 835 3400 883 ex
3432 817 3648 908 puppi
3683 818 3800 888 de·
3865 824 3873 833 '

2280 911 2650 996 pendentes
2697 912 3182 998 Havercampo
3239 915 3563 981 diadema
3622 922 3805 1008 regi-

2284 1027 2397 1071 um
2452 1007 2632 1072 visae
2697 1006 3049 1092 fecerunt,
3101 1021 3178 1074 ut
3260 1013 3602 1097 crederet,
3651 1014 3796 1082 fre-

2282 1117 2561 1186 quentes
2601 1104 2728 1169 hos
2775 1123 3020 1171 numos
3056 1105 3346 1193 lignatos
3389 1109 3458 1173 in
3495 1111 3797 1197 sumptus

2278 1200 2442 1265 belh
2469 1201 2892 1287 Iugurthuu
2941 1216 3010 1267 et
3051 1204 3444 1269 diademate
3507 1209 3803 1275 indicari

2280 1293 2534 1361 bellum
2602 1301 2880 1386 regium.
3027 1302 3483 1384 Argumenta,
3551 1306 3801 1390 quibus

2276 1389 2674 1460 sententiam
2713 1393 3044 1474 stabiliat,
3098 1396 3486 1464 valentiora
3540 1404 3800 1471 desunt.

3026 1491 3060 1526 Β

2375 1584 2749 1654 C.FONT.
2789 1590 2858 1651 in
2893 1588 3265 1652 semissibus
3306 1603 3376 1654 et
3412 1592 3797 1662 trientibus.

2273 1679 2507 1748 Facile
2553 1684 2623 1748 hi
2669 1683 2934 1770 poffunt
2977 1685 3068 1748 ad
3108 1687 3398 1748 eundem
3433 1689 3802 1755 Fonteium

2271 1782 2666 1868 pertinere,
2715 1783 2902 1861 cujus
2945 1781 3088 1846 sunt
3142 1783 3630 1902 praecedentes
3681 1788 3803 1850 de-

2272 1879 2472 1944 narii.
2570 1878 2712 1944 AE.
2767 1877 2853 1946 R.

3025 1974 3057 2009 Β

2572 2072 2800 2161 Capita
2851 2070 2975 2137 duo
3007 2072 3321 2159 juvenilia
3359 2075 3609 2161 jugata
3663 2076 3798 2144 lau·

2564 2181 2751 2238 reatu
2792 2171 3253 2239 imminentibus
3283 2172 3490 2266 qstrt's,
3540 2175 3608 2239 in
3643 2196 3804 2243 area

2575 2269 2678 2346 X,
2729 2271 2796 2333 in
2837 2259 2992 2332 aliis
3016 2279 3348 2352 praeterea
3375 2267 3460 2338 Ρ
3499 2269 3580 2334 Ρ.

2277 2364 2502 2429 MAN.
2540 2363 2910 2430 FONTEI.
2959 2366 3205 2444 Navis,
3255 2385 3440 2451 quam
3476 2365 3806 2451 guberna-

2279 2462 2628 2549 tor-sedens·
2651 2461 3052 2546 moderatur,
3101 2465 3173 2528 in
3212 2477 3376 2529 area
3421 2464 3638 2529 literae
3705 2468 3804 2532 at·

2271 2556 2531 2646 phabcti
2551 2606 2572 2636 ,
2622 2568 2684 2623 ct
2711 2567 3048 2643 praeterea
3097 2560 3165 2622 in
3207 2558 3514 2625 nonnullis
3575 2581 3747 2629 unus·
3780 2612 3805 2645 ,

2281 2654 2404 2721 duo
2426 2702 2447 2733 ,
2496 2664 2628 2721 tres
2650 2654 2915 2741 globuli.
3015 2655 3163 2717 AR.
3206 2653 3283 2721 O.

2378 2754 2585 2815 Parte
2625 2753 2851 2816 antica
2904 2748 3215 2816 exhiberi
3266 2753 3432 2818 deos
3494 2764 3807 2840 penates,

2279 2848 2495 2911 literis
2527 2849 2602 2911 P.
2638 2849 2713 2911 P.
2750 2847 3130 2926 indicatori,
3208 2862 3404 2936 patet
3449 2871 3532 2914 ex
3575 2858 3810 2921 numis

2282 2942 2602 3006 fimilibus
2647 2946 2863 3027 gentis
2918 2945 3205 3025 Antiae,
3279 2959 3346 3009 et
3397 2946 3808 3015 luculentius

2285 3056 2370 3103 ex
2417 3039 2713 3102 denariis
2746 3038 3123 3125 Sulpiciae,
3178 3043 3268 3105 ad
3305 3045 3811 3130 quos'prolixi·

2282 3156 2361 3199 us
2398 3136 2466 3197 in
2512 3133 2879 3201 domestica
2920 3134 3092 3200 haec
3130 3139 3406 3203 numina
3455 3160 3806 3205 commen-

2281 3230 2529 3311 tabor,
2583 3231 2896 3317 quorsum
2933 3230 3258 3297 lectorem
3294 3238 3592 3302 remitto.
3690 3238 3802 3305 Ea,

2284 3339 2510 3409 autem
2545 3340 2865 3391 monetae
2903 3328 3130 3393 intulit
3157 3331 3483 3396 Fonteius
3516 3381 3535 3411 ,
3589 3338 3802 3417 quia,

2282 3436 2355 3489 ut
2385 3426 2455 3487 in
2499 3424 2802 3509 Sulpicia
2839 3427 3001 3489 item
3038 3426 3475 3509 docebimus,
3540 3430 3808 3498 summo

2279 3524 2349 3588 in
2392 3521 2654 3586 honore
2701 3520 2944 3585 habita
2979 3518 3170 3586 fuere
3203 3524 3501 3604 Tusculi,
3550 3547 3688 3610 qua
3713 3549 3811 3594 ex

2223 3619 2447 3703 ,urbe
2492 3619 2759 3681 oriundi
2799 3615 2992 3680 fuere
3027 3619 3317 3684 Fonteii.
3423 3619 3702 3687 Cicero.
3732 3616 3805 3707 ιι)

2269 3720 2547 3803 prunum
2560 3734 2816 3798 genens
2865 3713 3373 3799 (Fonteiornm)
3424 3722 3811 3806 antiquitas,

2259 3833 2470 3899 quam
2512 3810 2762 3896 Tusculo
2802 3830 2884 3875 ex
2922 3809 3137 3903 clargff
3137 3835 3235 3877 mo
3282 3817 3611 3899 municipio
3634 3840 3814 3901 pro-

659 3914 901 4002 positi,
955 3911 1125 3977 nihil
1165 3907 1423 4005 obstat,
1475 3927 1611 3994 quo
1678 3907 1897 3971 minus
1969 3916 2089 3969 et.
2121 3907 2194 3969 in
2266 3909 2504 3992 sectam
2542 3908 2613 3970 in
2663 3911 3069 3974 monumentis
3099 3930 3311 3977 rerum
3340 3913 3654 4002 gestarum
3700 3916 3808 3979 in-

661 4002 1008 4097 capitibus
1044 4008 1191 4071 Iani
1240 4025 1431 4069 more
1461 4004 1667 4070 unitis
1692 4003 1991 4067 -eosdem
2035 4020 2193 4089 gen-

659 4110 748 4174 tis
783 4108 1116 4172 Fonteiae
1171 4114 1450 4189 penates
1494 4102 1982 4187 agnoscamus,
2018 4116 2193 4161 cum

659 4206 943 4291 perinde
984 4204 1100 4280 fit,
1155 4213 1379 4264 utrum
1417 4199 1711 4262 duorum
1742 4195 2190 4260 familiarium

620 4350 628 4357 .
661 4304 824 4365 unio
865 4302 996 4366 hoc
1029 4299 1241 4363 illove
1284 4295 1496 4360 modo
1547 4294 1993 4381 exprimatur.

759 4399 869 4462 Ad
913 4411 1182 4485 partem
1231 4391 1539 4485 aversam
1589 4391 1834 4454 horum
1874 4387 2191 4451 denario-

2281 4006 2464 4094 cesam
2513 4023 2588 4071 ac
2625 4011 2911 4070 notatam
2969 4007 3264 4074 videmus.

3035 4197 3065 4234 ο
3771 4232 3790 4241 .-

2568 4294 2801 4359 MAN.
2849 4247 3250 4367 frosm-1?
3263 4297 3340 4363 c,
3369 4298 3449 4364 F.
3478 4296 3819 4387 caputiu-

2565 4391 2757 4457 vem'le
2785 4391 3135 4461 laureatum
3154 4444 3173 4475 ,
3226 4394 3404 4482 infra
3444 4395 3613 4483 quod
3662 4398 3844 4483 ful--

672 4554 3816 4599 mm

738 4641 794 4702 a)
832 4655 933 4709 pro
971 4635 1167 4689 Coelio
1204 4650 1249 4687 e.
1291 4645 1376 4696 14·

669 4706 724 4772 d)
769 4726 869 4779 pro
906 4706 1140 4759 Fonteio
1180 4720 1229 4763 e.
1275 4714 1360 4765 14.

1640 4623 1701 4693 b)
1738 4623 1808 4679 de
1845 4627 1911 4682 R.
1951 4628 2017 4682 R.
2050 4626 2122 4680 L.
2157 4627 2239 4688 11.
2277 4645 2323 4684 e.
2367 4648 2422 4683 ra
2466 4625 2561 4682 sub
2612 4627 2707 4684 sm.

2967 4616 3238 4700 annot..
3263 4634 3381 4695 Au.
3417 4635 3484 4690 L.
3519 4636 3628 4692 m.
3664 4654 3719 4698 e.
3763 4653 3828 4703 4.
