4175 5450
674 609 767 677 40
1030 616 1059 627 “

670 787 1029 855 referimus
1051 836 1071 869 ,
1141 787 1705 862 extraordinariis
1783 786 2197 875 quibusdam

668 886 930 953 cafibu's
971 885 1245 965 deberi,
1300 907 1474 972 quos
1510 900 1785 972 praeter
1819 887 2033 951 multa
2054 885 2199 950 alia

671 987 1072 1071 ignoramus
1102 1033 1124 1065 ,
1189 1004 1583 1071 quanquam
1620 986 1687 1049 in
1742 996 2066 1071 promptu
2119 982 2196 1073 Iit

669 1083 895 1161 ratio,
949 1100 1068 1147 cur
1112 1079 1367 1146 exstent
1403 1081 1631 1151 Sullae
1673 1083 1903 1167 aurei,
1957 1080 2069 1145 etfi
2127 1093 2195 1144 et

666 1178 744 1243 hi
770 1176 1131 1256 rarissimi,
1184 1181 1459 1265 cognita
1520 1181 1836 1244 nimirum
1894 1184 2034 1264 ejus
2096 1179 2192 1243 di·

626 1310 634 1323 »
672 1276 957 1339 ctatoris
994 1276 1307 1362 potentia
1341 1290 1408 1340 ct
1441 1274 1639 1342 fastu.
1765 1266 1949 1360 Quid
2006 1276 2194 1362 quod

671 1392 763 1435 ex
798 1372 947 1455 lege
992 1374 1092 1455 *ab
1124 1372 1278 1458 ipso
1323 1373 1458 1440 hoc
1492 1372 1681 1438 Sulla
1706 1373 1855 1438 lata
1893 1370 2049 1439 satis
2094 1373 2193 1448 id,

669 1469 757 1531 de
795 1488 931 1552 quo
965 1473 1274 1557 agimus,
1350 1472 1700 1536 evincitur.
1815 1473 1983 1556 Lege
2038 1471 2197 1536 Cor-

666 1564 866 1642 nelia,
919 1567 1128 1631 refert
1183 1566 1561 1652 leianuS‚
1616 1566 1680 1651 ⁸)
1733 1579 2045 1646 cavetur,
2125 1575 2200 1631 ut

547 1686 553 1693 ·
663 1663 779 1752 qui
813 1666 882 1727 ae'n
911 1684 1141 1730 aarum
1169 1666 1312 1728 vitii
1349 1664 1502 1752 quid
1535 1665 1855 1731 addiderit
1872 1717 1892 1750 ‚
1944 1668 2051 1753 qui
2083 1685 2198 1731 ar-

662 1771 928 1846 genteos
959 1783 1180 1827 numos
1243 1763 1633 1830 adulterinos
1679 1765 1943 1849 flaverit
1966 1812 1983 1840 ,
2046 1763 2199 1848 falfi

663 1859 919 1923 nimine
953 1863 1169 1931 teneri.
1271 1861 1342 1925 Si
1385 1882 1625 1925 aurum
1649 1873 1792 1937 tum
1828 1861 1977 1946 lege
2010 1862 2194 1923 ordi-

659 1957 861 2020 naria
897 1956 1221 2043 signatum
1255 1957 1427 2036 fuit,
1480 1978 1598 2022 cur
1633 1959 1747 2022 lex
1776 1979 2005 2024 aarum
2044 1969 2191 2021 tan·

658 2065 808 2117 tum
840 2058 1190 2132 enunciat,
1237 2076 1373 2120 non
1419 2075 1587 2119 vero
1623 2075 1866 2118 numos
1918 2073 2190 2133 aureoS,

656 2150 945 2236 perinde
981 2172 1063 2215 ac
1103 2172 1269 2217 mox
1296 2163 1652 2239 argenteos
1677 2154 1706 2214 ’ἒ
1758 2152 1964 2235 Quod
1998 2150 2043 2214 fi
2082 2153 2189 2215 cui

657 2244 830 2310 istud
879 2250 949 2311 in
982 2249 1130 2336 rep.
1171 2248 1538 2320 institutum
1602 2249 1822 2312 minus
1872 2248 2193 2314 videatur

660 2344 991 2408 credibile
1016 2383 1041 2424 ,-
1090 2349 1368 2432 eJ'usque
1426 2344 1546 2409 fibi
1595 2345 1763 2409 velit
1826 2346 2187 2409 certiorem

656 2438 922 2519 adferri
959 2439 1278 2522 causam,
1346 2442 1405 2507 is
1455 2443 1641 2506 :idem
1697 2454 1903 2530 agat,
1987 2463 2071 2506 ac
2144 2441 2190 2507 fi

658 2538 935 2602 causam
967 2536 1088 2602 fibi
1132 2539 1285 2604 dari
1322 2539 1528 2618 velit,
1580 2559 1698 2603 cur
1720 2539 1990 2605 ratione
2028 2558 2187 2606 con-

656 2636 875 2699 traria
931 2636 1090 2702 inde
1142 2658 1187 2702 a
1249 2635 1545 2703 Claudio
1621 2636 1918 2702 Gothico
1971 2657 2188 2723 usque

652 2733 749 2795 ad
786 2733 1298 2801 Diocletianum
1332 2748 1615 2802 moneta
1671 2745 1998 2822 argentea
2037 2735 2188 2800 fere

649 2827 894 2914 signari
937 2830 1240 2911 desierit,
1316 2852 1471 2896 cum
1561 2833 1839 2896 interim
1902 2851 2186 2895 auream

650 2924 851 2990 nolita
886 2925 1034 3012 lege
1075 2943 1160 2991 ac
1199 2919 1406 3015 copia
1441 2926 1647 2992 ferire
1683 2927 1953 2996 liberet.
2006 2928 2183 2990 Mul·

648 3021 705 3083 ti
738 3021 973 3086 suntin
1000 3042 1074 3086 re
1113 3014 1503 3109 antiquaria
1526 3025 1694 3088 nodi
1724 3024 1998 3088 vindice
2037 3024 2204 3107 qui·

650 3117 809 3182 dem
851 3120 1077 3209 digni,
1164 3119 1281 3184 sed
1357 3120 1473 3205 qui
1553 3140 1672 3185 eos
1764 3119 2180 3207 explicaret,

644 3217 953 3280 nondum
990 3216 1217 3282 adfuit
1260 3200 1454 3281 deus.
1552 3222 1778 3302 Atque
1822 3217 1998 3282 haec
2037 3237 2182 3281 om-

643 3313 766 3376 nia
802 3333 887 3377 eo
925 3311 1401 3393 diss'erueram,
1454 3334 1592 3379 non
1669 3334 1806 3401 quo
1878 3315 2175 3378 Plinium

1894 581 2343 662 cAPvT
2444 546 2593 664 lv.

2278 787 2410 852 tuti
2449 789 2597 873 jam
2632 786 2776 851 sunt
2810 785 2995 850 circa
3025 798 3278 850 annum
3340 784 3428 853 V.
3482 782 3561 852 C.
3641 794 3814 879 465.

2282 883 2530 951 Cicero
2560 885 2633 949 in
2675 880 2958 971 epistola
2990 882 3239 969 scripta
3273 882 3366 947 ad
3398 882 3812 957 Trebatium

2277 984 2462 1048 circa
2493 1003 2747 1048 annum
2801 983 2890 1056 V.
2939 978 3017 1046 C.
3083 1001 3221 1064 7oo
3279 981 3419 1045 ait:
3505 983 3812 1055 Treviros

2274 1085 2436 1148 vites
2492 1083 2732 1171 cense03
2784 1077 2973 1160 audio
2999 1129 3023 1160 ,
3073 1077 3372 1166 capitales
3405 1077 3508 1169 ff
3529 1126 3550 1157 ,
3656 1085 3825 1151 mal..

2273 1178 2388 1244 lem
2445 1200 2645 1260 auro,
2696 1187 2964 1265 argento
2989 1225 3009 1254 ,
3061 1196 3205 1244 aere
3239 1175 3434 1267 ffne.
3488 1171 3549 1259 ⁶)
3614 1180 3798 1247 Tum

2275 1277 2451 1342 libro
2490 1277 2614 1341 111.
2653 1278 2738 1340 de
2782 1274 3078 1360 Legibus
3122 1295 3180 1343 c.
3238 1297 3323 1359 3,
3379 1273 3565 1359 quod
3626 1296 3801 1366 opus

2274 1373 2554 1437 biennio
2591 1371 2740 1461 post'
2771 1372 3094 1465 Fabricio
3136 1371 3359 1434 lucem
3417 1370 3653 1438 vidisse
3708 1377 3808 1441 vi-

2277 1471 2530 1559 detur,
2580 1471 2757 1534 hanc
2800 1471 3021 1556 legem
3074 1467 3318 1533 sancit:
3368 1487 3517 1549 aes,
3572 1489 3812 1558 argen-

2278 1576 2442 1644 tum,
2502 1587 2802 1633 aurumve
2839 1565 3081 1652 publice
3103 1567 3421 1655 signante.
3549 1570 3805 1635 Parum

2276 1683 2513 1728 moror
2550 1664 3055 1751 Pomponium,
3108 1665 3294 1743 cujus
3347 1665 3620 1746 oratio,
3690 1668 3808 1732 etsi

2275 1782 2514 1825 veram
2539 1761 3400 1846 demus,2interpretatione
3425 1770 3604 1827 certe
3631 1766 3797 1830 mol-

2273 1858 2505 1923 lienda
2552 1856 2677 1935 est,
2731 1876 2938 1944 quam
2974 1856 3288 1922 dabimus
3333 1857 3521 1923 infra
3556 1863 3627 1925 in
3687 1883 3804 1928 nu·

2274 1957 2402 2019 mis
2450 1955 2871 2021 familiarum
2912 1976 3066 2041 cap.
3111 1956 3224 2020 IV.
3343 1953 3644 2022 Gravior
3681 1979 3796 2025 au-

2274 2055 2554 2133 ctoritas
2581 2055 2652 2116 in
2685 2065 2972 2138 utroque
3010 2051 3359 2117 Ciceronis
3393 2052 3798 2138 testimonio,

2272 2170 2358 2212 ex
2392 2149 2677 2234 quibus,
2731 2149 2843 2213 etsi
2873 2150 3039 2215 illud
3073 2170 3196 2239 per
3235 2152 3466 2233 jocum
3520 2151 3802 2235 fuderit,

2270 2247 2338 2309 in
2383 2247 2600 2312 altero
2637 2247 2859 2335 legem
2897 2247 3236 2311 arbitratu
3277 2245 3634 2325 suoferat,
3670 2268 3792 2337 pa-

2268 2355 2366 2407 tet
2403 2357 2674 2423 tamen,
2727 2355 3080 2408 auctorem
3132 2345 3227 2408 ad
3269 2348 3620 2431 receptum
3669 2347 3791 2411 do·

2268 2441 2361 2505 mi
2396 2438 2763 2507 institutum
2798 2440 3115 2505 adlusiss'e.
3218 2442 3490 2507 Tamen
3539 2442 3791 2508 hiemi-

2265 2536 2339 2600 hi
2386 2537 2731 2626 scrupulus
2773 2539 2993 2603 minus
3046 2535 3400 2616 molestiis,
3455 2559 3609 2603 cum
3651 2561 3785 2606 non

2266 2656 2506 2721 negem
2544 2636 2881 2723 lignatum
2913 2618 3031 2700 sub
3077 2635 3459 2701 consulibus
3497 2656 3738 2702 aurum
3764 2685 3785 2717 ,
3885 2670 3898 2679 -

2264 2730 2378 2796 sed
2432 2734 2579 2821 lege
2621 2735 2976 2798 ordinaria
3021 2731 3350 2819 lignatum
3398 2754 3780 2823 per-negem.

2263 2827 2566 2893 Dubium
2602 2832 2810 2894 etiam
2867 2849 3145 2895 movere
3198 2831 3413 2916 'poss'et
3487 2832 3726 2898 Livius
3765 2883 3784 2914 ,

2265 2946 2400 3010 quo
2439 2924 2595 2990 teste
2627 2927 2729 2990 M.
2764 2926 3078 2992 Valerius
3114 2926 3460 2992 Laevinus
3499 2949 3640 3004 οοε,
3692 2934 3774 2994 V.
3827 2931 3852 2975 ’-

2264 3021 2340 3085 C.
2392 3034 2539 3106 544
2571 3023 2858 3088 cessant-e
2891 3037 3032 3088 tum
3070 3021 3162 3089 ob
3221 3023 3382 3090 belli
3433 3026 3780 3092 Hanniba-

2260 3118 2376 3183 lici
2419 3119 2870 3206 pertinaciam
2913 3122 3184 3186 aerario
3228 3121 3334 3186 his
3373 3119 3602 3188 verbis
3658 3144 3780 3211 pa·

2259 3228 2394 3282 tres
2442 3215 2532 3280 est
2567 3219 3024 3312 cohortatuS.
3078 3239 3350 3298 aarum,
3402 3214 3780 3306 argentum,

2258 3335 2364 3378 aes
2380 3318 2438 3404 s
2434 3324 2707 3400 gnatum
2747 3337 2920 3381 omne
2935 3318 3265 3406 senatores
3305 3320 3564 3408 crastino
3597 3319 3784 3388 diem

646 3407 859 3474 velim
893 3412 1274 3497 mendacii,
1327 3426 1449 3477 aut
1477 3412 1894 3476 inconsultae
1921 3413 2176 3477 oratio·
2244 3410 2562 3496 publicum
2592 3412 3016 3499 conferamus,
3071 3405 3126 3493 ⁶)
3182 3435 3268 3478 ex
3324 3406 3627 3501 quibus
3633 3438 3779 3482 ver-

644 3508 755 3571 nis
791 3529 1118 3595 arguere,
1164 3530 1410 3574 verum
1447 3530 1584 3623 quo
1647 3529 1808 3591 eos„
1863 3510 1981 3594 qui
2033 3508 2174 3573 Pli-

552 3663 559 3668 ,
641 3606 739 3668 nii
772 3606 985 3671 velint
1001 3606 1288 3694 -causam
1319 3607 1538 3690 tueri,
1608 3608 1786 3671 ultro
1832 3607 2115 3670 invitem
2147 3653 2169 3692 ,

2254 3509 2357 3572 bis
2394 3509 2651 3596 liquere
2701 3511 3019 3575 videatur
3048 3561 3069 3596 ‚
3130 3514 3276 3595 jam
3315 3522 3457 3576 tum
3513 3513 3771 3579 Roma

2248 3626 2374 3670 nos
2414 3627 2584 3673 auro
2627 3605 2880 3693 signato
2914 3608 3090 3672 usos·
3193 3610 3288 3672 At
3347 3606 3556 3674 facile
3618 3632 3777 3696 pro-

643 3716 719 3767 ut
753 3699 1110 3789 proferant
1166 3707 1426 3787 majore
1515 3723 1797 3768 numero
1883 3724 2166 3783 numos,
2245 3704 2551 3790 bavero,
2604 3706 2672 3766 in
2701 3703 2810 3769 his
2842 3705 3026 3772 Livii
3068 3705 3296 3771 verbis
3352 3706 3776 3772 vocabulum

540 3857 545 3864 .
639 3803 759 3886 qui-
818 3821 904 3864 ex
965 3800 1164 3864 certis
1215 3802 1486 3867 indiciis
1557 3801 1890 3868 consulari
1952 3801 2168 3867 aetati
2225 3803 2550 3891 signatum
2581 3820 3016 3887 nequaquam
3060 3804 3146 3867 ad
3203 3823 3481 3880 aurum,
3532 3805 3648 3868 led
3681 3805 3775 3869 ad

638 3898 1038 3962 debeantur.

730 3996 892 4059 Non
929 3981 1372 4059 dissimulabo
1453 3994 1899 4059 auctoritates
1986 3994 2164 4060 alias

632 4105 953 4174 monetae
988 4110 1239 4155 aureae
1278 4094 1589 4177 patronis
1633 4093 1892 4158 amicas
1917 4141 1936 4170 ,
1962 4096 2162 4158 nimi-

629 4193 780 4252 ru'm
808 4188 1176 4272 Pomponii
1209 4200 1276 4251 et
1312 4184 1665 4254 Ciceronis
1708 4189 1936 4274 ipsius.
2041 4189 2157 4253 Se-

632 4289 926 4350 cundum
966 4287 1461 4372 Pomponium:
1515 4275 1581 4369 1’)
1633 4287 1886 4353 11Ιυίνί
1951 4306 2160 4351 mone-

2244 3918 2362 3961 aes
2404 3910 2709 3974 tantum,
2751 3911 2881 3962 ·aut
2931 3898 3112 3963 forte
3167 3901 3372 3964 etiam
3418 3913 3769 3987 argentum

2244 3995 2372 4056 eil'e
2417 3991 2874 4058 referendum.
2988 3997 3148 4080 Ejus
3202 3998 3474 4062 causam
3543 3995 3770 4072 habeo

2242 4085 2608 4176 duplicem.
2709 4092 3014 4157 Primum
3043 4140 3064 4172 ,
3121 4092 3163 4178 si
3217 4115 3285 4158 το
3310 4096 3633 4184 signatum
3680 4095 3773 4158 ad

2239 4208 2482 4276 aurum
2524 4208 2797 4274 quoque
2844 4192 3173 4276 pertinet,
3227 4191 3581 4277 sequetur,
3623 4195 3769 4274 jam

2239 4304 2424 4350 anno
2467 4288 2552 4355 V.
2595 4285 2674 4353 C.
2713 4282 2861 4368 544
2913 4287 3270 4352 Romanos
3327 4282 3577 4373 passim
3624 4307 3772 4352 mo-

627 4385 787 4450 tales
823 4386 1049 4462 aeris,
1082 4386 1377 4469 argmti,
1428 4385 1576 4450 auri
1614 4385 1884 4473 flator-es
1920 4381 2155 4449 consti·
2234 4395 2400 4448 neta
2442 4402 2653 4448 aurea
2697 4383 2872 4464 usos,
2926 4396 3000 4447 at
3025 4397 3170 4447 tum
3204 4384 3597 4469 abjicienda
3640 4386 3775 4456 erit
3887 4397 3906 4406 ”

688 4630 754 4687 a)
785 4626 928 4699 Digg
930 4628 1043 4680 ..L
1083 4626 1757 4706 XLV111.tit.1o.§9.

614 4699 834 4755 XXVI.
873 4716 921 4760 c
955 4700 1065 4767 36.

1927 4624 1986 4692 b)
2023 4615 2095 4678 de
2134 4613 2283 4696 Orig'.
2318 4625 2423 4694 jur.
2458 4624 2568 4697 leg.
2607 4640 2659 4688 2,

2833 4626 2888 4696 e)
2924 4625 2992 4680 L.
3028 4627 3168 4689 VII.
3205 4625 3300 4700 e'p.
3340 4641 3438 4698 132„
3600 4626 3660 4698 d)
3696 4627 3770 4692 L,
