4175 5450
1745 595 2801 682 PROLEGOMENA

1722 1187 2463 1291 CAPVT
2633 1187 2850 1290 XV.

1897 1659 2003 1728 De
2048 1664 2221 1751 typis
2258 1663 2666 1748 permutatis.

707 1933 1148 2040 Frequenter
1186 1947 1437 2015 accidit
1474 1952 1543 2016 in
1573 1964 1853 2018 moneta
1888 1952 2234 2031 Romana,

712 2051 790 2123 uit
828 2071 993 2139 pars
1034 2049 1224 2114 numi
1249 2046 1447 2116 unius
1466 2051 1855 2134 jungeretur
1886 2069 2042 2113 cum
2079 2068 2235 2135 par·

710 2166 794 2219 te·
825 2148 1015 2220 numi
1044 2145 1354 2211 alterius·
1450 2145 1610 2226 Ejus
1657 2146 1977 2232 exempla
1999 2147 2235 2231 copio-

711 2250 786 2315 sa
829 2244 1253 2331 reperiuntur
1315 2238 1386 2301 in
1434 2243 1656 2306 numis
1719 2245 2234 2328 imperatorum.

713 2347 809 2409 At
842 2359 1062 2424 neque
1115 2355 1275 2399 rara
1319 2334 1462 2426 sunt
1538 2340 1612 2401 in
1685 2338 1820 2402 hac
1873 2352 2236 2403 numerum

715 2438 943 2508 classe.
1088 2433 1193 2498 En
1225 2451 1453 2517 pauca
1513 2433 1927 2520 specimina,
2014 2433 2235 2519 neque

718 2536 900 2601 enim
933 2549 1074 2595 non
1121 2528 1337 2594 obvia
1370 2528 1525 2595 sunt
1555 2533 1627 2595 in
1663 2530 1928 2619 singulis
1966 2531 2237 2596 museis.

751 2671 756 2675 -
816 2628 894 2696 C.
926 2624 1483 2695 EGNATVLEI.
1535 2626 1616 2694 C.
1660 2627 1738 2696 F.
1793 2629 1997 2714 Caput
2032 2626 2243 2714 Apot-

716 2728 900 2807 h'm's,
948 2723 1131 2813 infra
1164 2721 1254 2806 Q.
1352 2730 1412 2799 a:
1508 2726 1597 2789 Τ.
1651 2721 2015 2793 CLOVLI.
2110 2723 2241 2793 Vi..

715 2828 922 2893 cronia
955 2831 1279 2906 tropaeum
1316 2840 1644 2889 coronans.
1740 2823 1942 2906 Quin.
1977 2821 2245 2893 subaer.

719 2921 930 3009 (Mur.
974 2914 1204 2998 Caes.)

820 3014 1013 3082 Male
1047 3033 1204 3077 cum
1250 3011 1537 3079 adversa
1561 3013 1949 3100 Egnatuleii
1986 3012 2245 3079 sociata

719 3109 814 3179 est
848 3109 1090 3177 aversa
1129 3106 1332 3175 Clulii
1356 3155 1378 3188 ,
1425 3121 1501 3175 ut
1529 3109 1769 3177 collati
1799 3112 2064 3197 utrique
2118 3108 2273 3175 de·'

673 3270 682 3274 -
721 3209 904 3275 narii
939 3207 1209 3274 docent.

822 3301 1142 3369 RVFVS.
1185 3301 1251 3370 S.
1293 3299 1372 3367 C.
1456 3297 1658 3390 Caput
1691 3304 1892 3377 Iovis.
1995 3308 2056 3378 30*

585 3374 592 3379 “
722 3397 1491 3467 POMPON1.MvsA.
1541 3400 1976 3494 Mastusiam
2013 3399 2078 3465 a.
2115 3399 2287 3465 cta-⁷

724 3517 911 3673 vanu),
941 3496 1004 3586 s.
1038 3494 1388 3585 pedm.
1490 3496 1802 3585 (Metelli
1844 3497 1917 3563 in
1949 3496 2247 3583 Pompo·

729 3614 869 3661 ma.

832 3691 1086 3757 Antioa
1122 3690 1418 3777 pertinet
1472 3690 1565 3756 ad
1634 3689 1722 3775 Q.
1790 3690 2252 3778 Pomponium

2316 1955 2407 2019 tis
2448 1952 2779 2017 sententia
2817 1946 2944 2031 est,
3023 1947 3265 2015 similes
3324 1948 3844 2042 permutationis
3970 1941 3976 1948 ’

2319 2050 2508 2115 casus
2544 2049 2942 2114 tribuendos
2987 2046 3380 2112 oscitantiae
3426 2046 3842 2112 monetario·

2317 2139 2467 2216 rum
2497 2193 2516 2226 ‚
2569 2146 2889 2218 matrices
2923 2163 3409 2229 nonnunquam
3452 2144 3718 2208 alienas
3752 2153 3845 2205 te-

2317 2264 2503 2308 mere
2542 2242 3080 2329 supponentium.
3179 2240 3477 2320 Demus,
3529 2237 3700 2303 istud
3735 2256 3847 2302 ac·

2318 2341 2547 2404 cidere
2604 2337 2810 2403 facile
2850 2337 3174 2424 potuisse,
3255 2356 3409 2401 cum
3471 2339 3541 2400 in
3598 2336 3848 2399 eadem

2319 2434 2604 2502 officina
2647 2435 2836 2499 numi
2873 2433 3290 2499 diversorum
3330 2433 3689 2498 hominum
3723 2426 3852 2498 cufi

2318 2531 2555 2609 fuere,
2609 2544 2678 2597 et
2711 2531 2987 2616 quidem
3032 2544 3152 2596 aut
3202 2531 3448 2598 eodem
3497 2544 3855 2614 tempore,

2320 2640 2447 2695 aut
2487 2628 2720 2722 saltem
2767 2630 2964 2696 annis
2990 2647 3130 2692 non
3164 2646 3580 2714 magnopere
3628 2627 3851 2692 diver·

2321 2722 2672 2814 gentibus,
2728 2746 2907 2812 quae
2949 2725 3142 2793 labes
3185 2725 3402 2795 obvia
3442 2723 3533 2791 est
3588 2725 3663 2788 in
3735 2743 3858 2788 nu·

2325 2823 2456 2887 mis
2487 2822 2658 2903 Titi,
2710 2834 2779 2888 et
2812 2822 3223 2891 Domitiani.
3324 2824 3417 2887 At
3457 2820 3649 2909 quid,
3704 2839 3859 2885 cum

2323 2931 2644 3003 tempora
2690 2919 2904 2985 nimio
2946 2917 3231 3000 distant,
3282 2931 3367 2983 ut·
3392 2920 3461 2983 in
3520 2939 3732 2984 numo
3771 2936 3857 2987 ex

2323 3015 2438 3079 hic
2473 3014 2821 3101 descriptis
2857 3017 3062 3080 tertio
3077 3052 3101 3100 5
3151 3019 3338 3100 cujus
3382 3016 3613 3083 antica
3656 3014 3858 3087 debe·

2323 3123 2434 3175 tur
2472 3114 2684 3203 aetati
2724 3112 3172 3193 invitorum,
3226 3126 3301 3177 ut
3334 3113 3597 3179 dicetur
3632 3112 3710 3179 in
3738 3130 3862 3181 nu·
3943 3144 3953 3154 ·

2323 3209 2456 3272 mis
2501 3204 2769 3287 Clodii,
2823 3208 3063 3274 aversa
3125 3229 3305 3275 anno
3342 3212 3426 3273 V.
3514 3206 3593 3276 C.
3667 3212 3857 3296 564.

2327 3304 2443 3389 qui
2483 3304 2893 3371 IIIvirorum
2933 3317 3233 3371 aetatem
3284 3306 3555 3373 saeculo
3590 3308 3861 3392 integro

2320 3418 2481 3466 cum
2514 3400 2764 3469 semisse
2794 3402 3195 3490 praecedit?
3243 3406 3488 3485 Aiunt,
3543 3402 3636 3470 ab
3668 3405 3861 3481 ineu-

2328 3498 2704 3585 riis,operis
2746 3511 3094 3584 arreptam
3131 3510 3430 3567 veterem
3475 3501 3863 3575 matricem,

2332 3616 2510 3682 quae
2559 3596 2631 3665 in
2660 3594 2942 3663 officina
2970 3593 3367 3663 servabatur
3389 3643 3410 3674 ,
3478 3609 3549 3663 et
3631 3612 3865 3662 novae

2334 3694 2623 3759 rationis
2669 3712 2876 3760 numo
2919 3694 3151 3776 inique
3191 3691 3544 3761 sociatam.
3662 3694 3868 3759 Dura

731 3785 1028 3865 Rufum,
1077 3786 1317 3853 aversa
1349 3786 1444 3852 ad
1476 3785 1566 3871 Q.
1600 3789 2059 3874 Pomponium
2096 3788 2255 3857 Mu·
2322 3790 2690 3857 -enimvero
2725 3789 2950 3855 oratio
2973 3831 3000 3875 ,
3051 3809 3135 3855 ac
3169 3789 3424 3856 nonnisi
3480 3788 3715 3877 effugii
3752 3806 3870 3853 ne·

733 3886 879 3952 sam
911 3930 938 3962 ,
983 3896 1061 3948 ut
1101 3884 1338 3949 videre
1370 3882 1460 3949 est
1504 3886 1692 3971 apud
1729 3886 2155 3953 Motellium..

837 3981 1038 4068 capnt
1067 3978 1360 4046 muliebre
1396 3981 1747 4049 laureatum
1780 4029 1800 4061 ,
1866 3991 2044 4051 retro
2089 3982 2251 4066 lyra.

740 4084 800 4155 x
848 4078 932 4142 L.
974 4075 1526 4144 SCIP..ASIAO.
1580 4074 1739 4165 (fic)
1787 4080 2078 4164 Iuppiter
2103 4076 2253 4163 ful·

741 4177 994 4240 minans
1041 4174 1111 4238 in
1144 4174 1287 4239 citis
1328 4174 1691 4261 quadrigis.
1742 4172 1947 4258 (Mus.
1986 4168 2212 4253 Caes.)

634 4282 648 4291 ”
843 4271 1148 4335 Adversa
1183 4270 1400 4356 petita
1437 4268 1527 4333 est
1552 4291 1640 4335 ex
1665 4271 1964 4336 denariis
2003 4270 2077 4334 P.
2102 4267 2259 4331 Clo·

748 4368 896 4446 dii,
949 4366 1065 4450 qui
1102 4361 1193 4429 est
1235 4367 1420 4451 apud
1486 4366 1879 4431 Motellium
1924 4366 1993 4428 in
2061 4375 2259 4450 gente

748 4462 1044 4529 Claudia
1076 4460 1261 4531 Tab.
1294 4461 1384 4525 ΙΙ.
1412 4482 1590 4553 num.
1639 4484 1697 4526 1.
1795 4459 2056 4525 Aversa
2091 4473 2262 4527 nota

750 4580 839 4625 ex
869 4558 1169 4624 denariis
1198 4556 1535 4643 Scipionis
1581 4555 1949 4645 Afiagenis.

850 4654 1248 4727 eommunis
1282 4662 1809 4741 praeceptorum
1850 4650 2112 4718 nostrae
2154 4671 2261 4717 ar-

2333 3884 2617 3949 cessario
2657 3885 2936 3969 quaesiti
3005 3886 3161 3954 loco
3216 3888 3587 3973 putanda..
3675 3886 3867 3951 Nolo

2332 3991 2564 4046 tamen
2597 3980 2788 4047 illam
2818 4003 3074 4049 vexare
3125 3982 3474 4051 morosius.
3572 3986 3667 4048 At
3725 4002 3871 4068 qua

2335 4076 2583 4161 quaeso
2608 4079 2874 4143 ratione
2916 4078 3359 4166 explicabunt
3387 4100 3654 4161 numos,
3688 4099 3870 4167 quos

2340 4175 2664 4238 continuo
2706 4174 3123 4240 describam:

2437 4269 2753 4335 SVLLA.
2788 4269 2984 4338 COS.
3017 4272 3218 4358 Caput
3247 4272 3455 4349 Simas
3506 4274 3870 4341 dictatori-r.

2338 4370 2397 4439 1
2446 4366 2828 4431 BRVTVS.
2887 4368 3089 4454 Caput
3117 4369 3452 4438 barbatum
3493 4375 3694 4438 Bruti
3713 4372 3875 4456 pri-

2339 4464 2428 4526 mi
2457 4461 2739 4550 consulis.
2794 4464 3122 4543 (Motelli
3162 4469 3231 4531 in
3290 4466 3499 4537 Corn.
3552 4468 3695 4536 tab.
3746 4467 3873 4533 IV.

2339 4557 2444 4623 lit.
2483 4557 2607 4644 A.)

2443 4653 2527 4738 Q.
2567 4656 2907 4722 METEL.
2960 4657 3184 4723 PIVS.
3242 4658 3465 4746 ‘Caput
3519 4658 3880 4726 laureatum
