4175 5450
1201 613 1551 697 NVMI
1624 613 1721 693 C
1750 612 2556 696 oNvaARES.

324 829 455 896 mis
515 825 760 893 Atticis
817 845 969 891 cum
1023 820 1321 887 denariis
1379 817 1697 906 Augusti,
1776 832 1848 883 ut

324 926 663 1014 prolixius
725 922 994 989 adverti
1052 921 1143 983 ad
1203 928 1548 983 monetam
1611 935 1846 1002 argen-

326 1035 511 1087 team
555 1022 1013 1096 Athenarum,
1094 1027 1167 1079 ut
1220 1015 1398 1077 adeo
1455 1033 1591 1077 non
1633 1013 1846 1074 modo

327 1120 772 1184 auctoritates
816 1137 860 1179 a
898 1114 1065 1177 viris
1092 1112 1372 1175 eruditis
1407 1110 1711 1185 adlatae,
1739 1107 1849 1170 sed

326 1216 473 1301 ipsa
530 1216 738 1278 etiam
758 1208 1184 1298 experientia
1220 1227 1306 1270 ex
1327 1217 1604 1268 moneta
1628 1224 1843 1291 popu-

326 1300 549 1376 lorum
568 1311 851 1397 publica
888 1318 1096 1392 capta
1121 1302 1492 1368 drachmae
1513 1303 1602 1365 ad
1642 1302 1847 1385 dena·

326 1411 527 1472 rium·
558 1427 797 1471 veram
874 1408 1212 1467 rationem
1280 1396 1591 1463 stabiliat.
1711 1396 1845 1458 Sed

327 1505 527 1583 haec,
583 1523 786 1586 quam
819 1500 1010 1574 dixi,
1033 1496 1212 1559 ratio
1231 1507 1492 1558 tantum
1524 1493 1719 1556 valet
1756 1491 1847 1553 ad

328 1601 650 1664 denarios
674 1649 695 1681 ,
720 1598 834 1681 qui
870 1593 1076 1658 stante
1094 1611 1239 1675 rep.
1275 1602 1395 1655 aut
1440 1590 1675 1655 saltem
1722 1590 1847 1650 im-

326 1709 611 1784 perante
635 1691 930 1780 Augusto
965 1690 1200 1776 [ignati
1232 1689 1408 1763 sunt3
1460 1707 1620 1750 nam
1664 1687 1849 1750 dein·

308 1813 490 1878 ‘ceps
517 1840 537 1871 ‚
592 1791 959 1877 praecipue
1000 1787 1161 1849 inde
1193 1806 1239 1849 a
1267 1786 1541 1848 Nerone
1564 1832 1584 1861 ‚
1660 1795 1847 1847 octa·

325 1909 489 1956 vam
559 1887 706 1952 fere
788 1886 1110 1973 ponderis
1179 1895 1445 1968 partem
1520 1880 1845 1954 amisere,

327 2006 719 2073 quanquam
778 1984 1020 2061 ethos
1075 1979 1227 2042 usus
1286 1991 1656 2064 tyrannus,
1731 1974 1849 2060 qui

332 2084 458 2147 ads
462 2086 618 2146 u'eta
696 2083 879 2146 veris
951 2076 1335 2165 praehabet
1364 2121 1385 2154 ,
1475 2074 1849 2140 drachmae

325 2182 781 2266 aequiparare
834 2186 1171 2264 pergeret.

420 2276 609 2339 Nota
633 2277 897 2339 denarii
928 2274 1059 2335 fuit
1084 2271 1145 2332 X
1185 2270 1298 2332 vel
1326 2260 1430 2360 ΒΕ.
1528 2266 1857 2331 Diximus

330 2372 534 2456 supra
581 2390 732 2457 cap.
796 2373 888 2435 11.
939 2375 973 2448 S
1010 2389 1098 2449 3,
1170 2366 1461 2428 eandem
1506 2376 1741 2426 notam
1782 2365 1851 2425 in

330 2486 550 2532 aenea
574 2487 844 2551 quoque
890 2473 1167 2528 moneta
1207 2459 1589 2524 adhibitam
1630 2460 1719 2520 ad
1755 2461 1851 2519 in-

327 2566 694 2628 dicandum
732 2565 999 2648 pondus
1039 2559 1118 2622 X.
1154 2555 1441 2630 assium3
1493 2567 1565 2619 at
1608 2555 1851 2615 eadem

332 2661 405 2725 in
458 2661 756 2725 denariis
794 2661 1049 2722 indicat
1087 2652 1395 2719 valorem
1424 2654 1508 2716 X.
1549 2651 1797 2714 assium
1828 2694 1851 2726 ‚

324 2757 573 2844 quibus
666 2757 856 2821 fuiss'e
942 2761 1399 2841 permutatum
1490 2748 1849 2813 denarium

321 2852 561 2941 paullo
603 2854 799 2940 supra
843 2854 1165 2918 diximus».
1270 2846 1404 2908 Pro
1451 2841 1580 2910 bac
1622 2846 1689 2906 in
1728 2863 1846 2905 nu-

330 2953 463 3014 mis
514 2953 811 3036 gentium
857 2950 1146 3021 Atinae,
1196 2940 1555 3019 Aufidiae,
1607 2940 1846 3015 Iuliae,

322 3047 669 3124 Titiniae,
723 3045 1044 3108 Valeriae
1092 3040 1367 3127 ponitur
1401 3040 1579 3103 XVI.
1610 3086 1628 3115 ‚
1709 3054 1847 3119 quo

321 3161 609 3210 numero
644 3144 827 3207 haud
872 3140 1078 3203 dubie
1110 3137 1450 3200 indicatur
1493 3136 1693 3198 valor
1735 3134 1845 3194 de·

322 3241 501 3302 narii
538 3241 716 3302 XVI.
752 3238 1038 3316 assium,
1114 3235 1203 3298 ad
1248 3250 1447 3313 quem
1494 3251 1646 3294 eum
1703 3228 1845 3291 fer-

321 3348 528 3399 vente
575 3335 756 3399 bello
804 3333 1057 3396 Punico
1095 3332 1178 3394 11.
1221 3327 1556 3393 dictatore
1598 3328 1684 3410 Q.
1718 3326 1847 3420 Fa·

322 3429 441 3494 bio
478 3433 832 3494 redactum
866 3432 1063 3514 lupra
1096 3423 1474 3491 docuimus.
1577 3425 1677 3486 Ex
1710 3441 1846 3507 quo

332 3528 547 3592 vitum
589 3527 993 3612 antiquariis
1032 3544 1170 3591 non
1209 3523 1476 3608 paucis,
1528 3522 1849 3586 denarios

3317 574 3444 711 ,19

1930 832 2101 885 nota
2153 821 2332 887 XVI.
2397 819 2674 908 inlignes
2744 819 2860 886 rub
2919 819 3087 890 illud
3146 824 3443 908 bellum,

1932 937 2069 1002 quo
2114 917 2260 982 lata
2297 939 2382 982 ea
2413 919 2565 1002 lex,
2631 915 2917 1004 lignatos
2939 972 2960 1005 ‚
3029 923 3265 1008 paullo
3301 923 3447 1013 post

1934 1015 2025 1076 ad
2080 1026 2382 1078 veterem
2437 1026 2671 1078 notam
2729 1016 2789 1077 X
2840 1018 3171 1098 reditum,
3259 1022 3442 1105 quod

1933 1109 2208 1192 quidem
2243 1130 2459 1193 neque
2494 1109 2895 1191 adfirmare,
2951 1134 3165 1198 neque
3198 1136 3443 1203 negare

1928 1217 2118 1268 certa
2174 1207 2441 1269 ratione
2501 1206 2705 1269 ausim
2741 1256 2761 1287 ,
2847 1208 2960 1272 etsi
3020 1211 3444 1276 verisimilius

1896 1312 2161 1387 ,putem
2190 1347 2210 1377 ,
2287 1304 2649 1391 monetarii
2687 1303 2968 1368 arbitrio
3013 1307 3393 1391 permiss'um
3423 1357 3443 1388 ‚

1926 1398 2261 1461 utramvis
2314 1410 2546 1461 notam
2586 1400 2839 1464 mallet.
2941 1403 3121 1487 Nam
3166 1415 3240 1466 ut
3280 1406 3454 1471 nota

1927 1493 1984 1555 X
2030 1491 2298 1557 adludit
2353 1496 2442 1558 ad
2482 1515 2728 1559 nomen
2776 1498 3035 1561 denarii
3091 1518 3298 1563 numo
3349 1502 3444 1565 in·

1932 1591 2188 1666 ditum,
2241 1589 2326 1655 lic
2371 1603 2537 1655 nota
2580 1593 2757 1656 XVI.
2802 1594 2892 1656 ad
2935 1596 3073 1675 ejus
3112 1596 3443 1663 valorem.

1930 1686 2301 1752 Enimvero
2332 1689 2591 1752 denarii
2628 1689 2884 1754 Valerii
2915 1691 3162 1756 Flacci.
3182 1692 3449 1757 vetusti-

1933 1785 2074 1846 oris
2131 1783 2437 1861 formae,
2524 1787 2687 1872 qui,
2769 1800 2842 1850 ut
2912 1782 3451 1854 omnia‘indicia

1932 1879 2364 1945 manifestant
2401 1930 2421 1959 ‚
2499 1903 2640 1947 uno
2698 1886 3078 1970 eodemque
3133 1896 3446 1971 tempore·

1933 1977 2079 2040 sunt
2115 1978 2394 2064 signati,
2465 1978 2585 2043 alii
2637 1982 2740 2061 X,
2809 1982 2929 2046 alii
2972 1982 3132 2046 XVI
3179 1981 3446 2069 praefe-

1930 2087 2112 2142 runt.
2165 2114 2176 2127 ·

2030 2171 2240 2254 Quod
2284 2173 2527 2265 attinet
2566 2176 2657 2238 ad
2696 2187 2902 2262 typos
2956 2177 3392 2241 denariorum
3418 2224 3439 2257 ,

1934 2281 2001 2333 et
2040 2290 2216 2354 quae
2265 2283 2458 2334 aetas
2500 2272 2742 2335 horum
2786 2271 3274 2351 vetustissimis,
3329 2275 3462 2358 qui-

1934 2366 2312 2449 supersunt‚
2391 2368 2599 2452 possit
2663 2366 3032 2453 adfignari,
3115 2372 3441 2454 quoniam

1935 2472 2223 2543 utraque
2259 2462 2429 2523 haec
2467 2465 2780 2526 doctrina
2813 2486 2965 2526 cum
3019 2468 3241 2529 numis
3280 2488 3443 2551 quo·

1937 2577 2077 2642 que⁴
2106 2554 2526 2618 familiarum
2581 2560 3044 2636 connectitur,
3120 2576 3445 2646 opportu-

1935 2653 2084 2713 nius
2118 2653 2186 2713 in
2231 2651 2335 2714 his
2389 2653 2884 2738 persequemur.
2987 2656 3063 2717 Id
3101 2658 3444 2720 unumob·
3501 2670 3513 2677 ’

1930 2747 2165 2824 servo,
2233 2749 2592 2812 secundum
2630 2752 2920 2816 Plinium
2953 2749 3018 2833 ⁸)
3070 2763 3284 2817 notam
3334 2775 3447 2819 ar-

1923 2850 2105 2929 genti
2124 2843 2309 2935 jmffi’
2346 2835 2533 2931 biga-‘5
2566 2858 2750 2934 atque
2780 2848 3136 2935 quadrigas
3167 2893 3187 2923 .
3239 2862 3298 2914 et
3343 2854 3446 2915 im-

1928 2941 2005 3006 de
2066 2942 2323 3027 &gatos
2372 2944 2910 3032 quadrigatosque
2947 2949 3167 3011 dictos.
3271 2945 3450 3011 Istud

1932 3040 2017 3102 de
2048 3060 2296 3125 magna
2333 3054 2528 3126 parte
2571 3063 2847 3121 verum,
2887 3056 2973 3108 ,at
3018 3064 3264 3128 magna
3289 3063 3449 3129 pars

1932 3138 2109 3200 alios
2149 3136 2356 3200 habet
2388 3150 2628 3222 typos.
2714 3141 3098 3225 Bigatorum
3135 3143 3443 3204 meminit

1932 3252 2204 3317 quoque
2222 3234 2505 3297 Tacitus
2526 3279 2546 3311 ‚
2569 3222 2628 3312 1’)
2681 3249 2748 3297 et
2771 3234 2965 3322 saepe
2999 3236 3260 3314 Livius,
3288 3257 3443 3300 cum
3479 3297 3486 3304 .

1932 3331 2257 3415 praedam
2329 3317 2828 3414 Hispaniensem
2890 3344 2956 3395 et
3019 3331 3444 3417 Cisalpinam

1931 3438 2321 3502 enumerat,
2373 3447 2552 3510 quae
2590 3425 2973 3490 testimonia
3010 3430 3322 3495 dedimus
3373 3433 3446 3503 in

1926 3522 2437 3609 Prolegomenis
2474 3523 2566 3586 ad
2597 3541 2850 3590 numos
2880 3523 3270 3609 Hispaniae.
3301 3577 3308 3585 .

316 4442 3417 4474 w

393 4572 1095 4647 namsia.

1247 4572 1309 4643 b)
1347 4574 1419 4629 de
1458 4574 1669 4639 Morib.
1704 4575 1931 4632 Germ·-

2900 4671 3064 4759 ὑπ’
