4175 5450
1225 554 1623 661 NVMI'
1745 578 2653 658 CONSVLAREs.
3271 542 3278 549 ’
3445 607 3487 666 ⁹

379 785 560 850 hanc
591 782 796 847 Plinii
836 772 1218 847 orationem
1274 794 1633 859 exercent,
1736 799 1893 845 cum
1972 802 2122 845 rum
2171 781 2496 843 hactenus
2578 774 2709 840 fuit
2781 774 3206 862 profectum,
3291 780 3479 866 quod

278 878 287 887 '
380 880 608 966 plures
641 879 819 943 aliae
856 876 1114 963 praesto
1155 877 1313 956 sint,
1373 895 1542 960 quas
1579 875 1711 941 viri
1742 896 1887 939 eru·
1969 876 2185 961 ipsum
2224 875 2556 937 Eminent.
2661 871 2915 936 Zelada
2949 875 3020 937 in
3065 874 3180 938 sua
3222 876 3308 940 de
3360 895 3482 943 nu·

380 976 509 1038 diti
550 974 750 1037 doct'e
796 993 878 1037 ac
915 973 1238 1037 subtiliter
1271 982 1650 1035 moverunt.
1752 971 1890 1034 Ha·
1972 972 2100 1034 mis
2126 969 2500 1033 uncialibus
2539 963 3302 1054 epistola‘con‘queritun
3355 970 3486 1035 Cui

377 1070 527 1133 buit
564 1080 793 1133 tamen
838 1067 990 1132 suos
1063 1070 1269 1131 etiam
1319 1080 1690 1153 patronos,
1773 1067 1898 1149 qui⁴
1969 1064 2223 1150 volupe
2267 1061 2392 1142 est,
2460 1085 2547 1127 ex
2603 1062 2888 1149 copiosis
2948 1064 3298 1159 spissisque
3350 1086 3472 1131 vo-

383 1165 682 1228 auctoris
745 1176 1037 1227 mentem
1105 1160 1451 1247 explicare
1521 1159 1884 1225 adlabora-
1964 1160 2329 1224 luminibus
2393 1158 2736 1222 variantia
2790 1160 3330 1242 antiquariorum
3379 1166 3483 1245 ju·

381 1270 581 1335 runt,
633 1279 768 1343 quo
805 1273 1034 1323 tamen
1069 1278 1314 1345 parum
1347 1258 1674 1321 hactenus
1742 1276 1886 1321 eru·
1968 1257 2150 1319 dicia
2184 1255 2621 1340 cognoscere,
2691 1274 2849 1317 nam
2898 1256 3019 1318 vix
3090 1256 3231 1320 alia
3282 1257 3483 1322 causa

381 1354 541 1417 ditis
571 1351 704 1416 fuit
740 1353 1183 1418 satisfactum.
1313 1352 1493 1415 Inter
1546 1371 1664 1414 eos
1708 1368 1887 1414 cum-
1969 1352 2185 1435 magis
2239 1349 2508 1412 adsidue
2541 1360 2609 1412 et
2648 1348 2898 1412 obnixe
2933 1347 3420 1439 est-disputata
3460 1401 3481 1431 ,
3555 1408 3562 1414 .

375 1449 616 1534 primis
653 1451 1133 1513 memorandus
1169 1448 1585 1512 HarduinuS.
1636 1444 1702 1528 ²)
1768 1443 1891 1508 Ce·
1970 1448 2178 1508 adeat
2206 1445 2586 1521 Alciatum,
2637 1449 2689 1521 θ)
2744 1446 3097 1523 Budeum,
3141 1438 3213 1530 ³³)
3266 1448 3483 1513 Savo·

378 1556 598 1605 terum
639 1564 1069 1628 nequaquam
1107 1542 1370 1627 longius
1410 1539 1567 1604 huic
1605 1543 1689 1604 de
1726 1541 1891 1603 assis
1971 1552 2154 1619 tum,
2206 1539 2267 1621 ⁶)
2316 1538 2776 1620 Gronovium,
2829 1529 2882 1621 ¹')
2934 1543 3177 1606 deinde
3240 1544 3477 1633 Porci·
3523 1578 3528 1584 ·

377 1639 892 1716 imminutione,
973 1650 1040 1701 et
1089 1639 1464 1724 ponderum
1538 1636 1887 1698 doctrinae
1972 1657 2123 1713 um,
2177 1634 2682 1714 Camerarium,
2735 1635 3103 1716 Snellium,
3157 1638 3280 1702 Ios.
3321 1640 3480 1705 Sca-

375 1728 732 1796 immorari
775 1730 864 1795 est
896 1734 1203 1810 animuS,
1254 1751 1389 1795 non
1429 1732 1614 1814 quod
1651 1732 1742 1794 ad
1774 1751 1888 1793 ex·
1966 1730 2287 1815 ligerum,
2340 1750 2626 1815 quorum
2704 1736 3178 1797 commentarii
3227 1733 3484 1798 exstant

373 1813 691 1890 tricanda
720 1841 827 1892 tot
867 1829 1189 1912 ambigua
1223 1838 1291 1890 et
1313 1824 1761 1889 difficultates
1793 1824 1887 1887 la·
1968 1826 2198 1889 Tomo
2283 1827 2397 1893 IX.
2458 1826 2879 1890 collectionis
2935 1825 3421 1894 Gronovianae
3453 1876 3475 1908 ,

377 1919 579 1985 bores
608 1920 1134 2009 subterfugiam,
1187 1941 1361 2005 quae
1410 1932 1640 1984 tantae
1696 1919 1886 1996 sunt,
1967 1920 2399 1999 Bouteroue‘,
2467 1920 2531 2005 Β)
2600 1919 3088 2002 Montfaucon,
3161 1917 3229 2008 ¹¹)
3305 1925 3477 1990 Har·
3571 1982 3582 1995 .

376 2029 452 2079 ut
485 2017 868 2082 Frfflichius
911 2018 1049 2101 ipse
1096 2035 1384 2080 examen
1418 2014 1621 2078 ‘istud
1669 2021 1884 2099 majo·
1969 2017 2247 2079 duinum
2285 2019 2407 2097 ,·i)
2492 2016 2936 2080 Wachterum
2978 2063 2997 2094 ,
3053 2014 3117 2099 ¹¹)
3197 2020 3471 2085 Passeri-

376 2113 468 2175 ris
502 2112 628 2175 ess‘e
691 2132 982 2198 operae,
1057 2124 1124 2175 et
1206 2112 1529 2175 aliarum-
1581 2113 1830 2174 virium
1863 2161 1885 2195 ,
1969 2130 2082 2174 um
2112 2158 2131 2190 ,
2202 2108 2246 2190 ¹)
2300 2125 2371 2176 at
2409 2114 2771 2199 praecipue
2814 2110 3125 2198 insignem
3163 2115 3468 2181 libellum

375 2225 581 2293 quam
622 2206 772 2270 suas
802 2208 938 2291 ipse
967 2207 1390 2292 agnosceret,
1459 2206 1742 2270 nimium
1786 2207 1884 2270 sa·
1964 2206 2503 2291 Eisenscbmidii,
2546 2204 2621 2288 ¹¹²)
2674 2209 2781 2270 cui
2818 2211 3018 2294 junge
3080 2213 3473 2296 praeclaros

372 2320 457 2378 ne
531 2300 822 2364 modeste
863 2348 884 2380 ,
984 2303 1449 2385 profiteretur,
1524 2289 1588 2382 ιι)
1674 2320 1881 2386 quam
1968 2307 2497 2368 commentarios
2576 2304 2815 2367 Barrei
2861 2351 2881 2381 ‚
2935 2302 3002 2387 ⁸)
3089 2306 3479 2373 Arbuthno-

375 2395 561 2476 quod
604 2393 976 2461 fatentibus
1018 2393 1168 2478 ipsis
1206 2395 1431 2472 italie,
1484 2397 1640 2478 qui,
1695 2399 1879 2481 quod
1961 2399 2081 2476 tii,
2162 2398 2227 2479 ⁰)
2280 2400 2571 2484 Dupuy,
2651 2399 2710 2480 Ρ)
2762 2399 3060 2463 Oderici.
3125 2401 3188 2483 ⁹)
3292 2406 3468 2468 Reli·

373 2489 443 2551 id
483 2508 689 2573 genus
734 2491 953 2552 numis
986 2489 1371 2564 abundant,
1423 2490 1574 2572 plus
1611 2490 1703 2552 ad
1733 2510 1877 2554 eru·
1963 2512 2170 2573 quum
2213 2492 2341 2571 est,
2395 2506 2467 2556 ut
2524 2512 2765 2557 numos
2811 2495 3034 2579 ips08,
3107 2499 3221 2579 qui
3305 2500 3470 2564 assis

372 2585 618 2646 endam
665 2586 1023 2647 veritatem
1062 2583 1317 2647 habent
1351 2581 1663 2662 subsidii,
1732 2582 1879 2668 post
1960 2598 2079 2649 aut
2111 2590 2408 2671 partium
2445 2600 2645 2654 notas
2678 2588 3035 2670 exhibent,
3087 2594 3464 2681 repraesen-

374 2689 476 2744 tot
523 2681 940 2748 eruditorum
985 2691 1273 2758 conatus
1311 2690 1379 2744 et
1415 2679 1720 2767 pericula
1754 2699 1876 2768 pa·
1957 2693 2203 2752 temus.
2257 2767 2261 2771 Α
2333 2757 2340 2763 ,

1826 3073 1859 3147 ς
1907 3067 2030 3132 111.

1206 3254 1610 3326 Charon-teres
1654 3275 1935 3330 monetat
1984 3281 2204 3346 aeneae
2250 3259 2608 3349 consularis.

455 3550 665 3613 Vetus
702 3545 791 3611 est
835 3523 1188 3630 doctrina,
1258 3571 1474 3635 eaque
1500 3637 1507 3642 ᾳ
1532 3543 1686 3613 curn
1743 3571 1868 3613 au·
1949 3552 2082 3614 hac
2115 3548 2351 3640 regula
2388 3548 2717 3612 Pasl‘erius
2752 3550 2968 3614 m'ulto
3003 3552 3243 3619 labore
3272 3557 3461 3628 ίῚινο.

358 3647 676 3708 ctoritate
704 3688 721 3718 ,
773 3643 915 3707 tu‘m
963 3644 1383 3729 experientia
1428 3645 1867 3723 confirmata,
1948 3651 2128 3710 nic-cm
2159 3647 2515 3708 numarium
2547 3645 2766 3708 texuit
2793 3691 2812 3723 ,
2859 3642 2916 3726 ¹)
2967 3647 3037 3709 in
3069 3669 3203 3731 quo
3227 3674 3460 3722 numo.

356 3742 523 3804 asses
574 3757 900 3802 eorumve
971 3753 1202 3824 partes
1233 3787 1252 3815 ,
1334 3762 1469 3823 quo
1532 3738 1871 3826 praestant
1947 3760 2096 3801 rum
2133 3737 2523 3802 Italicorum
2556 3741 2820 3824 pondus
2854 3761 2896 3804 a
2933 3747 3248 3826 graviore
3270 3751 3340 3813 in
3363 3753 3464 3815 le.

351 3837 692 3924 pondere,
767 3854 851 3898 eo
909 3835 1039 3899 esse
1092 3838 1535 3922 antiquiores.
1672 3836 1866 3899 Duce
1947 3836 2104 3898 vius
2138 3852 2421 3918 vergens
2461 3834 2814 3920 descripsit.
2916 3838 3040 3903 Ex·
3072 3862 3207 3924 quo
3247 3854 3490 3913 cano..

419 4147 477 4206 a)
514 4139 589 4193 ad
622 4138 806 4190 locum
840 4142 930 4200 cit,
966 4139 1167 4202 Plinii,
1203 4148 1257 4192 et
1293 4131 1466 4211 Oper'.
1503 4139 1595 4194 sel.
1678 4186 1692 4202 ,
1737 4151 1798 4202 18
1837 4178 1850 4193 .
2044 4138 2105 4207 b)
2141 4139 2447 4202 Animadv,
2485 4145 2547 4195 in
2580 4160 2728 4196 num·
2765 4144 2883 4199 urb.
2921 4165 2977 4218 p.
3011 4149 3103 4217 56,
3149 4105 3158 4108 -
3295 4153 3349 4219 e)
3388 4152 3461 4208 do

231 4243 239 4250 -
348 4208 526 4274 Pond.
571 4217 623 4260 et
658 4224 836 4265 mens.
1030 4208 1091 4274 d)
1125 4208 1197 4262 de
1232 4208 1374 4261 Ass'e.
1600 4227 1631 4260 e
1690 4210 1753 4262 M
1831 4246 1848 4261 .
1883 4219 2001 4268 ant.
2188 4210 2234 4275 f)
2272 4209 2343 4264 de
2391 4207 2606 4271 Sestert.
2749 4269 2756 4276 ,
2789 4217 2845 4284 g)
2877 4214 3181 4276 Reehmh.
3215 4235 3326 4274 cur.
3377 4226 3459 4276 in·

348 4278 420 4332 de
458 4295 492 4329 a
527 4294 652 4348 pag.
692 4293 778 4342 7⁰·
1005 4276 1067 4341 h)
1103 4273 1291 4348 A‘nnq.
1329 4278 1406 4331 Su
1446 4278 1525 4350 pl.
1562 4278 1729 4331 Tom.
1765 4279 1868 4330 111.
1909 4297 1965 4348 p,
2004 4289 2089 4347 89.
2319 4282 2358 4343 i)
2397 4280 2432 4331 1.
2472 4298 2603 4334 mox
2640 4298 2684 4333 c.
2877 4284 2938 4350 k)
2976 4286 3268 4342 Archaeol.
3304 4307 3454 4346 num.
3515 4303 3566 4324 ·“·

347 4346 393 4413 1)
434 4346 672 4415 Paralip.
710 4348 769 4395 in
804 4344 1117 4418 Dempster.
1357 4293 1443 4468 m}
1480 4344 1551 4400 de
1586 4344 1763 4399 Pond.
1802 4356 1857 4399 et
1890 4364 2067 4407 mens,
2297 4352 2356 4412 n)
2398 4348 2567 4400 Mem.
2607 4348 2669 4400 B.
2706 4348 2771 4401 L.
2808 4350 2878 4402 T.
2917 4354 3075 4407 VIII.
3113 4374 3170 4427 Ρ.
3205 4374 3309 4425 37⁴²
3336 4396 3352 4420 ,
3407 4372 3462 4413 et
3599 4353 3608 4360 '

348 4414 478 4472 nist.
516 4415 596 4465 Τ.
624 4413 728 4469 lx.
765 4432 822 4483 Ρ.
860 4418 946 4476 86.
1140 4416 1195 4478 ο)
1234 4415 1400 4471 Tubu
1425 4431 1493 4468 ae
1527 4425 1641 4467 ant.
1678 4432 1835 4466 num.
2019 4419 2081 4488 p)
2121 4416 2183 4468 B.
2220 4417 2285 4470 L.
2322 4418 2490 4475 Tom.
2525 4418 2804 4479 xxvnl.
2841 4438 2898 4492 Ρ.
2935 4424 3058 4490 647.
3231 4431 3285 4498 q)
3323 4429 3456 4500 Sag.

347 4485 397 4552 gi
435 4484 492 4538 di
527 4482 676 4537 Cort.
718 4482 789 4535 T.
827 4484 988 4558 vul.
1023 4501 1087 4558 Ρ,
1128 4496 1249 4555 ¹⁵8·
1332 4526 1343 4534 .
1486 4485 1533 4552 r)
1566 4482 1874 4557 Dempstex.
1908 4484 2160 4558 Patalip,
2195 4505 2250 4560 p.
2296 4503 2414 4555 193.

447 4596 634 4684 (Vox.
689 4596 811 4680 V.)
1072 4601 1087 4618 “
2717 4599 2738 4612 ··
3026 4555 3118 4669 a·
