<?xml version="1.0" encoding="UTF-8"?>
<!DOCTYPE html PUBLIC "-//W3C//DTD XHTML 1.0 Transitional//EN"
    "http://www.w3.org/TR/xhtml1/DTD/xhtml1-transitional.dtd">
<html xmlns="http://www.w3.org/1999/xhtml" xml:lang="en" lang="en">
 <head>
  <title>
</title>
<meta http-equiv="Content-Type" content="text/html;charset=utf-8" />
  <meta name='ocr-system' content='tesseract 3.04.00' />
  <meta name='ocr-capabilities' content='ocr_page ocr_carea ocr_par ocr_line ocrx_word'/>
</head>
<body>
  <div class='ocr_page' id='page_1' title='image "./doctrinanumorum06unkngoog_0297.png"; bbox 0 0 4175 5450; ppageno 0'>
   <div class='ocr_carea' id='block_1_1' title="bbox 1429 548 2291 631">
    <p class='ocr_par' dir='ltr' id='par_1_1' title="bbox 1429 548 2291 631">
     <span class='ocr_line' id='line_1_1' title="bbox 1429 548 2291 631; baseline -0.006 -2"><span class='ocrx_word' id='word_1_1' title='bbox 1429 550 1439 557; x_wconf 74' lang='grc'><strong><em>’</em></strong></span> <span class='ocrx_word' id='word_1_2' title='bbox 1559 548 2291 631; x_wconf 80' lang='lat' dir='ltr'><strong>POSTVMIA.</strong></span> 
     </span>
    </p>
   </div>
   <div class='ocr_carea' id='block_1_2' title="bbox 3192 558 3460 650">
    <p class='ocr_par' dir='ltr' id='par_1_2' title="bbox 3192 558 3460 650">
     <span class='ocr_line' id='line_1_2' title="bbox 3192 558 3460 650; baseline 0.015 -11"><span class='ocrx_word' id='word_1_3' title='bbox 3192 642 3198 650; x_wconf 74' lang='grc'><strong>,</strong></span> <span class='ocrx_word' id='word_1_4' title='bbox 3326 558 3460 643; x_wconf 60' lang='lat'>237</span> 
     </span>
    </p>
   </div>
   <div class='ocr_carea' id='block_1_3' title="bbox 1345 889 2357 1014">
    <p class='ocr_par' dir='ltr' id='par_1_3' title="bbox 1345 889 2357 1014">
     <span class='ocr_line' id='line_1_3' title="bbox 1345 889 2357 1014; baseline -0.002 -0.82"><span class='ocrx_word' id='word_1_5' title='bbox 1345 889 2357 1014; x_wconf 53' lang='lat' dir='ltr'>eosrwuza</span> 
     </span>
    </p>
   </div>
   <div class='ocr_carea' id='block_1_4' title="bbox 275 1128 1864 1317">
    <p class='ocr_par' dir='ltr' id='par_1_4' title="bbox 275 1128 1863 1317">
     <span class='ocr_line' id='line_1_4' title="bbox 275 1128 1863 1230; baseline -0.002 -29"><span class='ocrx_word' id='word_1_6' title='bbox 275 1216 284 1230; x_wconf 25' lang='grc' dir='ltr'><strong><em>ο</em></strong></span> <span class='ocrx_word' id='word_1_7' title='bbox 344 1131 355 1137; x_wconf 77' lang='grc'><strong>’</strong></span> <span class='ocrx_word' id='word_1_8' title='bbox 443 1135 624 1201; x_wconf 75' lang='lat' dir='ltr'>Gens</span> <span class='ocrx_word' id='word_1_9' title='bbox 665 1136 1002 1223; x_wconf 87' lang='lat' dir='ltr'>patricia,</span> <span class='ocrx_word' id='word_1_10' title='bbox 1085 1149 1152 1199; x_wconf 90' lang='lat' dir='ltr'>et</span> <span class='ocrx_word' id='word_1_11' title='bbox 1198 1131 1357 1199; x_wconf 87' lang='lat' dir='ltr'>talis</span> <span class='ocrx_word' id='word_1_12' title='bbox 1404 1128 1667 1220; x_wconf 81' lang='lat' dir='ltr'>semper</span> <span class='ocrx_word' id='word_1_13' title='bbox 1714 1156 1863 1222; x_wconf 88' lang='lat' dir='ltr'>per·</span> 
     </span>
     <span class='ocr_line' id='line_1_5' title="bbox 342 1229 1864 1317; baseline -0.001 -21"><span class='ocrx_word' id='word_1_14' title='bbox 342 1232 582 1297; x_wconf 80' lang='lat' dir='ltr'>mansit</span> <span class='ocrx_word' id='word_1_15' title='bbox 610 1254 654 1296; x_wconf 88' lang='lat' dir='ltr'>a</span> <span class='ocrx_word' id='word_1_16' title='bbox 695 1232 878 1297; x_wconf 90' lang='lat' dir='ltr'>nullo</span> <span class='ocrx_word' id='word_1_17' title='bbox 916 1231 1185 1317; x_wconf 89' lang='lat' dir='ltr'>plebeio</span> <span class='ocrx_word' id='word_1_18' title='bbox 1232 1234 1586 1317; x_wconf 83' lang='lat' dir='ltr'>adoptata.</span> <span class='ocrx_word' id='word_1_19' title='bbox 1689 1229 1864 1316; x_wconf 80' lang='lat' dir='ltr'>Cog-</span> 
     </span>
    </p>
   </div>
   <div class='ocr_carea' id='block_1_5' title="bbox 339 1324 1861 1603">
    <p class='ocr_par' dir='ltr' id='par_1_5' title="bbox 339 1324 1861 1603">
     <span class='ocr_line' id='line_1_6' title="bbox 349 1324 1861 1416; baseline -0.001 -25"><span class='ocrx_word' id='word_1_20' title='bbox 349 1349 602 1416; x_wconf 81' lang='lat' dir='ltr'>nomen</span> <span class='ocrx_word' id='word_1_21' title='bbox 631 1328 907 1394; x_wconf 80' lang='lat' dir='ltr'>Albinus</span> <span class='ocrx_word' id='word_1_22' title='bbox 934 1378 954 1410; x_wconf 90' lang='lat'>,</span> <span class='ocrx_word' id='word_1_23' title='bbox 1008 1347 1180 1412; x_wconf 88' lang='lat' dir='ltr'>quae</span> <span class='ocrx_word' id='word_1_24' title='bbox 1210 1326 1480 1390; x_wconf 85' lang='lat' dir='ltr'>familia</span> <span class='ocrx_word' id='word_1_25' title='bbox 1535 1324 1669 1391; x_wconf 80' lang='lat' dir='ltr'>fuit</span> <span class='ocrx_word' id='word_1_26' title='bbox 1727 1329 1861 1391; x_wconf 85' lang='lat' dir='ltr'>cla·</span> 
     </span>
     <span class='ocr_line' id='line_1_7' title="bbox 339 1421 1857 1508; baseline -0.001 -24"><span class='ocrx_word' id='word_1_27' title='bbox 339 1425 644 1501; x_wconf 76' lang='lat' dir='ltr'>riss1ma,</span> <span class='ocrx_word' id='word_1_28' title='bbox 700 1437 766 1486; x_wconf 91' lang='lat' dir='ltr'>et</span> <span class='ocrx_word' id='word_1_29' title='bbox 806 1425 898 1486; x_wconf 88' lang='lat' dir='ltr'>ad</span> <span class='ocrx_word' id='word_1_30' title='bbox 941 1444 1143 1508; x_wconf 89' lang='lat' dir='ltr'>quam</span> <span class='ocrx_word' id='word_1_31' title='bbox 1187 1421 1541 1485; x_wconf 78' lang='lat' dir='ltr'>verisimile</span> <span class='ocrx_word' id='word_1_32' title='bbox 1579 1422 1666 1484; x_wconf 81' lang='lat' dir='ltr'>est</span> <span class='ocrx_word' id='word_1_33' title='bbox 1692 1430 1857 1506; x_wconf 70' lang='lat' dir='ltr'>‘per&#39;-</span> 
     </span>
     <span class='ocr_line' id='line_1_8' title="bbox 341 1518 1857 1603; baseline 0.001 -24"><span class='ocrx_word' id='word_1_34' title='bbox 341 1519 556 1580; x_wconf 85' lang='lat' dir='ltr'>tinere</span> <span class='ocrx_word' id='word_1_35' title='bbox 595 1518 942 1603; x_wconf 74' lang='lat' dir='ltr'>sequentes</span> <span class='ocrx_word' id='word_1_36' title='bbox 980 1520 1298 1581; x_wconf 88' lang='lat' dir='ltr'>denarios</span> <span class='ocrx_word' id='word_1_37' title='bbox 1339 1537 1596 1598; x_wconf 87' lang='lat' dir='ltr'>omnes,</span> <span class='ocrx_word' id='word_1_38' title='bbox 1649 1519 1857 1581; x_wconf 86' lang='lat' dir='ltr'>etiam</span> 
     </span>
    </p>
   </div>
   <div class='ocr_carea' id='block_1_6' title="bbox 339 1608 1841 1742">
    <p class='ocr_par' dir='ltr' id='par_1_6' title="bbox 339 1608 1841 1742">
     <span class='ocr_line' id='line_1_9' title="bbox 339 1608 1841 1699; baseline -0.001 -24"><span class='ocrx_word' id='word_1_39' title='bbox 339 1608 419 1676; x_wconf 72' lang='lat' dir='ltr'>&#39;in&#39;</span> <span class='ocrx_word' id='word_1_40' title='bbox 453 1613 696 1699; x_wconf 63' lang='lat' dir='ltr'>quibua</span> <span class='ocrx_word' id='word_1_41' title='bbox 741 1613 964 1678; x_wconf 83' lang='lat' dir='ltr'>Albini</span> <span class='ocrx_word' id='word_1_42' title='bbox 1000 1633 1246 1676; x_wconf 88' lang='lat' dir='ltr'>nomen</span> <span class='ocrx_word' id='word_1_43' title='bbox 1284 1632 1421 1675; x_wconf 91' lang='lat' dir='ltr'>non</span> <span class='ocrx_word' id='word_1_44' title='bbox 1466 1613 1756 1677; x_wconf 85' lang='lat' dir='ltr'>additur.</span> <span class='ocrx_word' id='word_1_45' title='bbox 1833 1628 1841 1636; x_wconf 89' lang='lat'><strong>·</strong></span> 
     </span>
     <span class='ocr_line' id='line_1_10' title="bbox 1087 1710 1117 1742; baseline 0 -1"><span class='ocrx_word' id='word_1_46' title='bbox 1087 1710 1117 1742; x_wconf 49' lang='grc' dir='ltr'><strong><em>ἢ</em></strong></span> 
     </span>
    </p>
   </div>
   <div class='ocr_carea' id='block_1_7' title="bbox 1933 1136 3446 1794">
    <p class='ocr_par' dir='ltr' id='par_1_7' title="bbox 1933 1136 3446 1794">
     <span class='ocr_line' id='line_1_11' title="bbox 1941 1136 3318 1201; baseline 0.004 -3"><span class='ocrx_word' id='word_1_47' title='bbox 1941 1137 2189 1199; x_wconf 66' lang='lat' dir='ltr'>nititur.</span> <span class='ocrx_word' id='word_1_48' title='bbox 2286 1140 2435 1201; x_wconf 87' lang='lat' dir='ltr'>AR.</span> <span class='ocrx_word' id='word_1_49' title='bbox 2478 1136 2556 1200; x_wconf 90' lang='lat' dir='ltr'>C.</span> <span class='ocrx_word' id='word_1_50' title='bbox 3314 1147 3318 1153; x_wconf 83' lang='grc'><em>“</em></span> 
     </span>
     <span class='ocr_line' id='line_1_12' title="bbox 2091 1169 3445 1303; baseline 0.007 -9"><span class='ocrx_word' id='word_1_51' title='bbox 2091 1232 2095 1234; x_wconf 58' lang='lat'><strong><em>‘</em></strong></span> <span class='ocrx_word' id='word_1_52' title='bbox 2230 1231 2311 1296; x_wconf 94' lang='lat' dir='ltr'>L.</span> <span class='ocrx_word' id='word_1_53' title='bbox 2346 1231 2699 1295; x_wconf 84' lang='lat' dir='ltr'><strong>METEL.</strong></span> <span class='ocrx_word' id='word_1_54' title='bbox 2723 1232 2806 1293; x_wconf 88' lang='lat' dir='ltr'>A.</span> <span class='ocrx_word' id='word_1_55' title='bbox 2845 1169 3049 1296; x_wconf 73' lang='lat' dir='ltr'><strong>ALB.</strong></span> <span class='ocrx_word' id='word_1_56' title='bbox 3091 1232 3156 1296; x_wconf 90' lang='lat' dir='ltr'>S.</span> <span class='ocrx_word' id='word_1_57' title='bbox 3196 1234 3272 1299; x_wconf 93' lang='lat' dir='ltr'>F.</span> <span class='ocrx_word' id='word_1_58' title='bbox 3323 1234 3445 1303; x_wconf 75' lang='lat' dir='ltr'>Ca-</span> 
     </span>
     <span class='ocr_line' id='line_1_13' title="bbox 2217 1328 2700 1411; baseline 0.002 -19"><span class='ocrx_word' id='word_1_59' title='bbox 2217 1339 2337 1411; x_wconf 78' lang='lat' dir='ltr'>put</span> <span class='ocrx_word' id='word_1_60' title='bbox 2371 1328 2700 1411; x_wconf 68' lang='lat' dir='ltr'>Apofflnis.</span> 
     </span>
     <span class='ocr_line' id='line_1_14' title="bbox 1939 1421 3437 1509; baseline 0.002 -23"><span class='ocrx_word' id='word_1_61' title='bbox 1939 1421 2277 1486; x_wconf 65' lang='lat' dir='ltr'><strong>QMAL.</strong></span> <span class='ocrx_word' id='word_1_62' title='bbox 2324 1423 2487 1489; x_wconf 76' lang='lat' dir='ltr'>Vide</span> <span class='ocrx_word' id='word_1_63' title='bbox 2516 1425 2754 1509; x_wconf 74' lang='lat' dir='ltr'>reliqua</span> <span class='ocrx_word' id='word_1_64' title='bbox 2805 1424 2874 1485; x_wconf 73' lang='lat' dir='ltr'>in</span> <span class='ocrx_word' id='word_1_65' title='bbox 2909 1432 3096 1507; x_wconf 78' lang='lat' dir='ltr'>gente</span> <span class='ocrx_word' id='word_1_66' title='bbox 3136 1421 3437 1491; x_wconf 77' lang='lat' dir='ltr'>Poblicia.</span> 
     </span>
     <span class='ocr_line' id='line_1_15' title="bbox 2028 1516 3441 1605; baseline 0.002 -25"><span class='ocrx_word' id='word_1_67' title='bbox 2028 1517 2355 1581; x_wconf 86' lang='lat' dir='ltr'>Aversam</span> <span class='ocrx_word' id='word_1_68' title='bbox 2393 1520 2653 1582; x_wconf 86' lang='lat' dir='ltr'>denarii</span> <span class='ocrx_word' id='word_1_69' title='bbox 2708 1520 2767 1583; x_wconf 75' lang='grc' dir='ltr'>Ι.</span> <span class='ocrx_word' id='word_1_70' title='bbox 2823 1516 3163 1581; x_wconf 72' lang='lat' dir='ltr'>luculente</span> <span class='ocrx_word' id='word_1_71' title='bbox 3228 1521 3441 1605; x_wconf 83' lang='lat' dir='ltr'>expli-</span> 
     </span>
     <span class='ocr_line' id='line_1_16' title="bbox 1939 1613 3442 1698; baseline 0.002 -23"><span class='ocrx_word' id='word_1_72' title='bbox 1939 1626 2098 1675; x_wconf 85' lang='lat' dir='ltr'>cant</span> <span class='ocrx_word' id='word_1_73' title='bbox 2136 1613 2487 1698; x_wconf 83' lang='lat' dir='ltr'>scriptores</span> <span class='ocrx_word' id='word_1_74' title='bbox 2523 1615 2859 1688; x_wconf 86' lang='lat' dir='ltr'>Romani,</span> <span class='ocrx_word' id='word_1_75' title='bbox 2934 1633 3016 1677; x_wconf 87' lang='lat' dir='ltr'>ae</span> <span class='ocrx_word' id='word_1_76' title='bbox 3074 1616 3442 1698; x_wconf 72' lang='lat' dir='ltr'>praecipue</span> 
     </span>
     <span class='ocr_line' id='line_1_17' title="bbox 1933 1706 3446 1794; baseline 0.003 -24"><span class='ocrx_word' id='word_1_77' title='bbox 1933 1708 2242 1783; x_wconf 75' lang='lat' dir='ltr'>Plinius..</span> <span class='ocrx_word' id='word_1_78' title='bbox 2290 1708 2697 1794; x_wconf 80' lang='lat' dir='ltr'>Dionysius,</span> <span class='ocrx_word' id='word_1_79' title='bbox 2762 1708 3027 1774; x_wconf 74' lang='lat' dir='ltr'>Livius..</span> <span class='ocrx_word' id='word_1_80' title='bbox 3127 1706 3446 1773; x_wconf 81' lang='lat' dir='ltr'>Refertur</span> 
     </span>
    </p>
   </div>
   <div class='ocr_carea' id='block_1_8' title="bbox 632 1800 3442 1888">
    <p class='ocr_par' dir='ltr' id='par_1_8' title="bbox 632 1800 3442 1888">
     <span class='ocr_line' id='line_1_18' title="bbox 632 1800 3442 1888; baseline 0.001 -22"><span class='ocrx_word' id='word_1_81' title='bbox 632 1807 718 1867; x_wconf 82' lang='lat' dir='ltr'>A.</span> <span class='ocrx_word' id='word_1_82' title='bbox 793 1804 1339 1869; x_wconf 85' lang='lat' dir='ltr'><strong>POSTVMIVS.</strong></span> <span class='ocrx_word' id='word_1_83' title='bbox 1401 1801 1589 1869; x_wconf 88' lang='lat' dir='ltr'><strong>COS.</strong></span> <span class='ocrx_word' id='word_1_84' title='bbox 1661 1802 1865 1888; x_wconf 75' lang='lat' dir='ltr'>Caput</span> <span class='ocrx_word' id='word_1_85' title='bbox 1932 1805 2247 1866; x_wconf 87' lang='lat' dir='ltr'>nimirum</span> <span class='ocrx_word' id='word_1_86' title='bbox 2288 1806 2379 1867; x_wconf 89' lang='lat' dir='ltr'>ad</span> <span class='ocrx_word' id='word_1_87' title='bbox 2420 1806 2703 1869; x_wconf 88' lang='lat' dir='ltr'>eandem</span> <span class='ocrx_word' id='word_1_88' title='bbox 2744 1807 2824 1865; x_wconf 89' lang='lat' dir='ltr'>A.</span> <span class='ocrx_word' id='word_1_89' title='bbox 2857 1800 3176 1865; x_wconf 79' lang='lat' dir='ltr'>Postumii</span> <span class='ocrx_word' id='word_1_90' title='bbox 3225 1807 3316 1868; x_wconf 89' lang='lat' dir='ltr'>ad</span> <span class='ocrx_word' id='word_1_91' title='bbox 3348 1807 3442 1869; x_wconf 85' lang='lat' dir='ltr'>la·</span> 
     </span>
    </p>
   </div>
   <div class='ocr_carea' id='block_1_9' title="bbox 327 1900 1854 3030">
    <p class='ocr_par' dir='ltr' id='par_1_9' title="bbox 327 1900 1854 2174">
     <span class='ocr_line' id='line_1_19' title="bbox 631 1900 1225 1987; baseline 0.002 -25"><span class='ocrx_word' id='word_1_92' title='bbox 631 1900 924 1987; x_wconf 77' lang='lat' dir='ltr'>Postumii</span> <span class='ocrx_word' id='word_1_93' title='bbox 977 1900 1225 1965; x_wconf 73' lang='lat' dir='ltr'>nudum.</span> 
     </span>
     <span class='ocr_line' id='line_1_20' title="bbox 327 1994 1854 2080; baseline 0 -21"><span class='ocrx_word' id='word_1_94' title='bbox 327 1994 750 2080; x_wconf 58' lang='lat' dir='ltr'><strong>{ALBINVS.</strong></span> <span class='ocrx_word' id='word_1_95' title='bbox 786 1997 1098 2067; x_wconf 82' lang='lat' dir='ltr'><strong>‚BRVTI</strong></span> <span class='ocrx_word' id='word_1_96' title='bbox 1165 1996 1237 2060; x_wconf 90' lang='lat' dir='ltr'>F.</span> <span class='ocrx_word' id='word_1_97' title='bbox 1301 1995 1607 2080; x_wconf 69' lang='lat' dir='ltr'>scriptum</span> <span class='ocrx_word' id='word_1_98' title='bbox 1679 1997 1854 2059; x_wconf 78' lang='lat' dir='ltr'>intra</span> 
     </span>
     <span class='ocr_line' id='line_1_21' title="bbox 340 2089 1311 2174; baseline -0.006 -18"><span class='ocrx_word' id='word_1_99' title='bbox 340 2111 637 2156; x_wconf 81' lang='lat' dir='ltr'>coronam</span> <span class='ocrx_word' id='word_1_100' title='bbox 652 2089 943 2174; x_wconf 73' lang='lat' dir='ltr'>spiceam.</span> <span class='ocrx_word' id='word_1_101' title='bbox 1046 2092 1189 2153; x_wconf 89' lang='lat' dir='ltr'>AR.</span> <span class='ocrx_word' id='word_1_102' title='bbox 1230 2090 1311 2153; x_wconf 91' lang='lat' dir='ltr'>R.</span> 
     </span>
    </p>

    <p class='ocr_par' dir='ltr' id='par_1_10' title="bbox 328 2184 1852 3030">
     <span class='ocr_line' id='line_1_22' title="bbox 440 2184 1848 2267; baseline 0 -22"><span class='ocrx_word' id='word_1_103' title='bbox 440 2184 779 2246; x_wconf 81' lang='lat' dir='ltr'><strong>Diximus</strong></span> <span class='ocrx_word' id='word_1_104' title='bbox 795 2186 863 2246; x_wconf 90' lang='lat' dir='ltr'>in</span> <span class='ocrx_word' id='word_1_105' title='bbox 902 2186 1116 2246; x_wconf 89' lang='lat' dir='ltr'>numis</span> <span class='ocrx_word' id='word_1_106' title='bbox 1155 2186 1369 2267; x_wconf 82' lang='lat' dir='ltr'>gentis</span> <span class='ocrx_word' id='word_1_107' title='bbox 1415 2184 1647 2247; x_wconf 86' lang='lat' dir='ltr'>Iuniae</span> <span class='ocrx_word' id='word_1_108' title='bbox 1684 2184 1848 2245; x_wconf 89' lang='lat' dir='ltr'>Bru-</span> 
     </span>
     <span class='ocr_line' id='line_1_23' title="bbox 328 2276 1846 2362; baseline -0.003 -18"><span class='ocrx_word' id='word_1_109' title='bbox 328 2277 611 2354; x_wconf 62' lang='lat' dir='ltr'>torum,</span> <span class='ocrx_word' id='word_1_110' title='bbox 665 2276 984 2362; x_wconf 80' lang='lat' dir='ltr'>signatum</span> <span class='ocrx_word' id='word_1_111' title='bbox 1019 2279 1200 2340; x_wconf 89' lang='lat' dir='ltr'>hunc</span> <span class='ocrx_word' id='word_1_112' title='bbox 1252 2279 1603 2338; x_wconf 86' lang='lat' dir='ltr'>denarium</span> <span class='ocrx_word' id='word_1_113' title='bbox 1666 2298 1710 2338; x_wconf 89' lang='lat' dir='ltr'>a</span> <span class='ocrx_word' id='word_1_114' title='bbox 1758 2278 1846 2340; x_wconf 93' lang='lat' dir='ltr'>D.</span> 
     </span>
     <span class='ocr_line' id='line_1_24' title="bbox 343 2370 1848 2456; baseline -0.001 -19"><span class='ocrx_word' id='word_1_115' title='bbox 343 2374 538 2437; x_wconf 89' lang='lat' dir='ltr'>Iunio</span> <span class='ocrx_word' id='word_1_116' title='bbox 631 2373 883 2450; x_wconf 88' lang='lat' dir='ltr'>Bruto,</span> <span class='ocrx_word' id='word_1_117' title='bbox 957 2374 1070 2456; x_wconf 90' lang='lat' dir='ltr'>qui</span> <span class='ocrx_word' id='word_1_118' title='bbox 1131 2374 1526 2455; x_wconf 78' lang='lat' dir='ltr'>&#39;adoptatus</span> <span class='ocrx_word' id='word_1_119' title='bbox 1621 2370 1710 2432; x_wconf 88' lang='lat' dir='ltr'>ab</span> <span class='ocrx_word' id='word_1_120' title='bbox 1771 2374 1848 2436; x_wconf 82' lang='lat' dir='ltr'>A.</span> 
     </span>
     <span class='ocr_line' id='line_1_25' title="bbox 340 2465 1852 2532; baseline -0.002 0"><span class='ocrx_word' id='word_1_121' title='bbox 340 2468 682 2532; x_wconf 83' lang='lat' dir='ltr'>Postumio</span> <span class='ocrx_word' id='word_1_122' title='bbox 730 2468 979 2530; x_wconf 86' lang='lat' dir='ltr'>Albino</span> <span class='ocrx_word' id='word_1_123' title='bbox 1020 2468 1266 2531; x_wconf 87' lang='lat' dir='ltr'>deinde</span> <span class='ocrx_word' id='word_1_124' title='bbox 1317 2465 1592 2530; x_wconf 74' lang='lat' dir='ltr'>Albinus</span> <span class='ocrx_word' id='word_1_125' title='bbox 1659 2467 1852 2529; x_wconf 70' lang='lat' dir='ltr'>Bruti</span> 
     </span>
     <span class='ocr_line' id='line_1_26' title="bbox 339 2561 1847 2648; baseline -0.002 -22"><span class='ocrx_word' id='word_1_126' title='bbox 339 2568 415 2631; x_wconf 86' lang='lat' dir='ltr'>F.</span> <span class='ocrx_word' id='word_1_127' title='bbox 458 2565 676 2633; x_wconf 86' lang='lat' dir='ltr'>dictus</span> <span class='ocrx_word' id='word_1_128' title='bbox 715 2562 845 2641; x_wconf 88' lang='lat' dir='ltr'>est,</span> <span class='ocrx_word' id='word_1_129' title='bbox 923 2563 1171 2648; x_wconf 90' lang='lat' dir='ltr'>quique</span> <span class='ocrx_word' id='word_1_130' title='bbox 1235 2561 1366 2624; x_wconf 87' lang='lat' dir='ltr'>ad·</span> <span class='ocrx_word' id='word_1_131' title='bbox 1411 2561 1847 2623; x_wconf 83' lang='lat' dir='ltr'>indicandam</span> 
     </span>
     <span class='ocr_line' id='line_1_27' title="bbox 329 2656 1842 2744; baseline -0.001 -23"><span class='ocrx_word' id='word_1_132' title='bbox 329 2658 558 2744; x_wconf 72' lang='lat' dir='ltr'>‘gentis</span> <span class='ocrx_word' id='word_1_133' title='bbox 598 2657 1018 2736; x_wconf 80' lang='lat' dir='ltr'>claritatem,</span> <span class='ocrx_word' id='word_1_134' title='bbox 1071 2661 1139 2720; x_wconf 90' lang='lat' dir='ltr'>in</span> <span class='ocrx_word' id='word_1_135' title='bbox 1177 2675 1379 2743; x_wconf 86' lang='lat' dir='ltr'>quam</span> <span class='ocrx_word' id='word_1_136' title='bbox 1400 2656 1706 2734; x_wconf 73' lang='lat' dir='ltr'>transiit,</span> <span class='ocrx_word' id='word_1_137' title='bbox 1761 2660 1842 2719; x_wconf 84' lang='lat' dir='ltr'>A.</span> 
     </span>
     <span class='ocr_line' id='line_1_28' title="bbox 330 2750 1848 2836; baseline -0.003 -18"><span class='ocrx_word' id='word_1_138' title='bbox 330 2754 751 2821; x_wconf 80' lang='lat' dir='ltr'>Postumium</span> <span class='ocrx_word' id='word_1_139' title='bbox 799 2754 1049 2818; x_wconf 88' lang='lat' dir='ltr'>Album</span> <span class='ocrx_word' id='word_1_140' title='bbox 1089 2754 1306 2816; x_wconf 77' lang='lat' dir='ltr'>numia</span> <span class='ocrx_word' id='word_1_141' title='bbox 1338 2750 1681 2836; x_wconf 86' lang='lat' dir='ltr'>inscripsit,</span> <span class='ocrx_word' id='word_1_142' title='bbox 1733 2755 1848 2835; x_wconf 84' lang='lat' dir='ltr'>qui</span> 
     </span>
     <span class='ocr_line' id='line_1_29' title="bbox 338 2841 1846 2933; baseline -0.002 -22"><span class='ocrx_word' id='word_1_143' title='bbox 338 2841 423 2914; x_wconf 67' lang='lat' dir='ltr'>&#39;V.</span> <span class='ocrx_word' id='word_1_144' title='bbox 457 2849 536 2915; x_wconf 68' lang='lat' dir='ltr'><strong>C.</strong></span> <span class='ocrx_word' id='word_1_145' title='bbox 584 2861 716 2933; x_wconf 76' lang='lat'>258</span> <span class='ocrx_word' id='word_1_146' title='bbox 763 2853 830 2913; x_wconf 90' lang='lat' dir='ltr'>in</span> <span class='ocrx_word' id='word_1_147' title='bbox 874 2846 1027 2933; x_wconf 73' lang='lat' dir='ltr'>ipsis</span> <span class='ocrx_word' id='word_1_148' title='bbox 1062 2851 1231 2933; x_wconf 88' lang='lat' dir='ltr'>reip.</span> <span class='ocrx_word' id='word_1_149' title='bbox 1279 2845 1702 2912; x_wconf 78' lang='lat' dir='ltr'>incunabulis</span> <span class='ocrx_word' id='word_1_150' title='bbox 1745 2849 1846 2910; x_wconf 90' lang='lat' dir='ltr'>in-</span> 
     </span>
     <span class='ocr_line' id='line_1_30' title="bbox 343 2942 1847 3030; baseline -0.002 -22"><span class='ocrx_word' id='word_1_151' title='bbox 343 2945 584 3030; x_wconf 83' lang='lat' dir='ltr'>signem</span> <span class='ocrx_word' id='word_1_152' title='bbox 627 2946 711 3007; x_wconf 85' lang='lat' dir='ltr'>de</span> <span class='ocrx_word' id='word_1_153' title='bbox 735 2945 994 3010; x_wconf 81' lang='lat' dir='ltr'>Latinis</span> <span class='ocrx_word' id='word_1_154' title='bbox 1026 2946 1115 3009; x_wconf 84' lang='lat' dir='ltr'>ad</span> <span class='ocrx_word' id='word_1_155' title='bbox 1147 2944 1373 3007; x_wconf 88' lang='lat' dir='ltr'>lacum</span> <span class='ocrx_word' id='word_1_156' title='bbox 1407 2942 1847 3025; x_wconf 86' lang='lat' dir='ltr'>Regillensem</span> 
     </span>
    </p>
   </div>
   <div class='ocr_carea' id='block_1_10' title="bbox 199 3036 1846 3218">
    <p class='ocr_par' dir='ltr' id='par_1_11' title="bbox 199 3036 1846 3218">
     <span class='ocr_line' id='line_1_31' title="bbox 199 3036 1846 3124; baseline -0.004 -18"><span class='ocrx_word' id='word_1_157' title='bbox 199 3043 211 3052; x_wconf 82' lang='grc'><strong>“</strong></span> <span class='ocrx_word' id='word_1_158' title='bbox 343 3041 702 3106; x_wconf 81' lang='lat' dir='ltr'>victoriam</span> <span class='ocrx_word' id='word_1_159' title='bbox 742 3041 968 3105; x_wconf 89' lang='lat' dir='ltr'>retulit</span> <span class='ocrx_word' id='word_1_160' title='bbox 995 3087 1013 3118; x_wconf 92' lang='lat'>,</span> <span class='ocrx_word' id='word_1_161' title='bbox 1068 3059 1111 3102; x_wconf 88' lang='lat' dir='ltr'>a</span> <span class='ocrx_word' id='word_1_162' title='bbox 1148 3049 1285 3124; x_wconf 81' lang='lat' dir='ltr'>qua</span> <span class='ocrx_word' id='word_1_163' title='bbox 1319 3036 1411 3101; x_wconf 76' lang='lat' dir='ltr'>&#39;et</span> <span class='ocrx_word' id='word_1_164' title='bbox 1459 3037 1846 3122; x_wconf 80' lang='lat' dir='ltr'>Regillensis</span> 
     </span>
     <span class='ocr_line' id='line_1_32' title="bbox 203 3132 1845 3218; baseline -0.003 -19"><span class='ocrx_word' id='word_1_165' title='bbox 203 3169 207 3173; x_wconf 88' lang='lat'><strong>·</strong></span> <span class='ocrx_word' id='word_1_166' title='bbox 342 3137 559 3198; x_wconf 83' lang='lat' dir='ltr'>dictus</span> <span class='ocrx_word' id='word_1_167' title='bbox 601 3132 733 3218; x_wconf 88' lang='lat' dir='ltr'>est,</span> <span class='ocrx_word' id='word_1_168' title='bbox 786 3135 986 3200; x_wconf 80' lang='lat' dir='ltr'>caesis</span> <span class='ocrx_word' id='word_1_169' title='bbox 1023 3138 1091 3198; x_wconf 87' lang='lat' dir='ltr'>in</span> <span class='ocrx_word' id='word_1_170' title='bbox 1141 3138 1288 3198; x_wconf 88' lang='lat' dir='ltr'>acie</span> <span class='ocrx_word' id='word_1_171' title='bbox 1330 3135 1493 3196; x_wconf 90' lang='lat' dir='ltr'>Tito</span> <span class='ocrx_word' id='word_1_172' title='bbox 1536 3144 1606 3195; x_wconf 90' lang='lat' dir='ltr'>et</span> <span class='ocrx_word' id='word_1_173' title='bbox 1637 3133 1845 3195; x_wconf 85' lang='lat' dir='ltr'>Sexto</span> 
     </span>
    </p>
   </div>
   <div class='ocr_carea' id='block_1_11' title="bbox 341 3218 1847 3317">
    <p class='ocr_par' dir='ltr' id='par_1_12' title="bbox 341 3218 1847 3317">
     <span class='ocr_line' id='line_1_33' title="bbox 341 3218 1847 3317; baseline -0.003 -25"><span class='ocrx_word' id='word_1_174' title='bbox 341 3232 732 3314; x_wconf 86' lang='lat' dir='ltr'>Tarquiniis</span> <span class='ocrx_word' id='word_1_175' title='bbox 769 3235 944 3315; x_wconf 83' lang='lat' dir='ltr'>regis</span> <span class='ocrx_word' id='word_1_176' title='bbox 979 3230 1265 3317; x_wconf 84' lang='lat' dir='ltr'>Superbi</span> <span class='ocrx_word' id='word_1_177' title='bbox 1301 3227 1457 3293; x_wconf 84' lang='lat' dir='ltr'>filiis</span> <span class='ocrx_word' id='word_1_178' title='bbox 1480 3273 1498 3304; x_wconf 93' lang='lat'>,</span> <span class='ocrx_word' id='word_1_179' title='bbox 1548 3218 1563 3242; x_wconf 89' lang='grc'><strong>’</strong></span> <span class='ocrx_word' id='word_1_180' title='bbox 1589 3232 1847 3311; x_wconf 86' lang='lat' dir='ltr'>praeci·</span> 
     </span>
    </p>
   </div>
   <div class='ocr_carea' id='block_1_12' title="bbox 228 3319 1848 3408">
    <p class='ocr_par' dir='ltr' id='par_1_13' title="bbox 228 3319 1848 3408">
     <span class='ocr_line' id='line_1_34' title="bbox 228 3319 1848 3408; baseline -0.001 -24"><span class='ocrx_word' id='word_1_181' title='bbox 228 3338 264 3352; x_wconf 79' lang='lat'>‘·</span> <span class='ocrx_word' id='word_1_182' title='bbox 342 3327 495 3408; x_wconf 81' lang='lat' dir='ltr'>puis</span> <span class='ocrx_word' id='word_1_183' title='bbox 536 3325 693 3386; x_wconf 88' lang='lat' dir='ltr'>belli</span> <span class='ocrx_word' id='word_1_184' title='bbox 741 3325 1131 3388; x_wconf 87' lang='lat' dir='ltr'>auctoribus</span> <span class='ocrx_word' id='word_1_185' title='bbox 1158 3370 1178 3400; x_wconf 91' lang='lat'>,</span> <span class='ocrx_word' id='word_1_186' title='bbox 1232 3325 1316 3384; x_wconf 86' lang='lat' dir='ltr'>de</span> <span class='ocrx_word' id='word_1_187' title='bbox 1356 3341 1488 3402; x_wconf 88' lang='lat' dir='ltr'>quo</span> <span class='ocrx_word' id='word_1_188' title='bbox 1531 3319 1666 3382; x_wconf 86' lang='lat' dir='ltr'>late</span> <span class='ocrx_word' id='word_1_189' title='bbox 1703 3340 1848 3404; x_wconf 83' lang='lat' dir='ltr'>ege·</span> 
     </span>
    </p>
   </div>
   <div class='ocr_carea' id='block_1_13' title="bbox 342 3417 1379 3541">
    <p class='ocr_par' dir='ltr' id='par_1_14' title="bbox 342 3417 1379 3541">
     <span class='ocr_line' id='line_1_35' title="bbox 342 3417 1379 3500; baseline -0.003 -23"><span class='ocrx_word' id='word_1_190' title='bbox 342 3437 415 3478; x_wconf 85' lang='lat' dir='ltr'>re</span> <span class='ocrx_word' id='word_1_191' title='bbox 459 3419 557 3480; x_wconf 89' lang='lat' dir='ltr'>rei</span> <span class='ocrx_word' id='word_1_192' title='bbox 605 3419 960 3481; x_wconf 83' lang='lat' dir='ltr'>Romanae</span> <span class='ocrx_word' id='word_1_193' title='bbox 1000 3417 1379 3500; x_wconf 72' lang='lat' dir='ltr'>scriptores.</span> 
     </span>
     <span class='ocr_line' id='line_1_36' title="bbox 958 3510 1112 3541; baseline 0 0"><span class='ocrx_word' id='word_1_194' title='bbox 958 3530 963 3536; x_wconf 94' lang='lat'>-</span> <span class='ocrx_word' id='word_1_195' title='bbox 1083 3510 1112 3541; x_wconf 60' lang='grc' dir='ltr'>Ι</span> 
     </span>
    </p>
   </div>
   <div class='ocr_carea' id='block_1_14' title="bbox 629 3560 1853 3863">
    <p class='ocr_par' dir='ltr' id='par_1_15' title="bbox 629 3560 1853 3862">
     <span class='ocr_line' id='line_1_37' title="bbox 634 3560 1853 3694; baseline -0.004 -21"><span class='ocrx_word' id='word_1_196' title='bbox 634 3608 835 3694; x_wconf 75' lang='lat' dir='ltr'>Caput</span> <span class='ocrx_word' id='word_1_197' title='bbox 875 3561 1184 3690; x_wconf 57' lang='lat' dir='ltr'>Zpoltinis</span> <span class='ocrx_word' id='word_1_198' title='bbox 1240 3560 1587 3671; x_wconf 45' lang='lat' dir='ltr'>tzar-eatan·</span> <span class='ocrx_word' id='word_1_199' title='bbox 1605 3651 1625 3681; x_wconf 85' lang='lat'>,</span> <span class='ocrx_word' id='word_1_200' title='bbox 1693 3622 1853 3688; x_wconf 72' lang='lat' dir='ltr'>prae</span> 
     </span>
     <span class='ocr_line' id='line_1_38' title="bbox 629 3700 1853 3791; baseline -0.004 -24"><span class='ocrx_word' id='word_1_201' title='bbox 629 3721 749 3791; x_wconf 71' lang='lat' dir='ltr'>quo</span> <span class='ocrx_word' id='word_1_202' title='bbox 787 3705 885 3784; x_wconf 87' lang='lat' dir='ltr'>X,</span> <span class='ocrx_word' id='word_1_203' title='bbox 930 3721 1090 3788; x_wconf 76' lang='lat' dir='ltr'>poue</span> <span class='ocrx_word' id='word_1_204' title='bbox 1143 3704 1409 3791; x_wconf 77' lang='lat' dir='ltr'>astrum,</span> <span class='ocrx_word' id='word_1_205' title='bbox 1463 3700 1642 3785; x_wconf 70' lang='lat' dir='ltr'>inst-a</span> <span class='ocrx_word' id='word_1_206' title='bbox 1697 3700 1853 3763; x_wconf 84' lang='lat' dir='ltr'>Ro.</span> 
     </span>
     <span class='ocr_line' id='line_1_39' title="bbox 632 3801 794 3863; baseline 0.007 -2"><span class='ocrx_word' id='word_1_207' title='bbox 632 3801 794 3863; x_wconf 88' lang='lat' dir='ltr'>MA.</span> 
     </span>
    </p>
   </div>
   <div class='ocr_carea' id='block_1_15' title="bbox 343 3886 1919 3980">
    <p class='ocr_par' dir='ltr' id='par_1_16' title="bbox 343 3886 1919 3980">
     <span class='ocr_line' id='line_1_40' title="bbox 343 3886 1919 3980; baseline -0.001 -21"><span class='ocrx_word' id='word_1_208' title='bbox 343 3901 431 3964; x_wconf 84' lang='lat' dir='ltr'>A.</span> <span class='ocrx_word' id='word_1_209' title='bbox 459 3893 874 3958; x_wconf 85' lang='lat' dir='ltr'><strong>ALBINVS.</strong></span> <span class='ocrx_word' id='word_1_210' title='bbox 914 3893 982 3960; x_wconf 91' lang='lat' dir='ltr'><strong>S.</strong></span> <span class='ocrx_word' id='word_1_211' title='bbox 1019 3892 1099 3959; x_wconf 91' lang='lat' dir='ltr'>F.</span> <span class='ocrx_word' id='word_1_212' title='bbox 1155 3893 1443 3979; x_wconf 78' lang='lat' dir='ltr'>Dioscuri</span> <span class='ocrx_word' id='word_1_213' title='bbox 1471 3893 1708 3980; x_wconf 75' lang='lat' dir='ltr'>flantes</span> <span class='ocrx_word' id='word_1_214' title='bbox 1785 3913 1850 3958; x_wconf 79' lang='lat' dir='ltr'>e·</span> <span class='ocrx_word' id='word_1_215' title='bbox 1908 3886 1919 3892; x_wconf 75' lang='grc'><strong><em>’</em></strong></span> 
     </span>
    </p>
   </div>
   <div class='ocr_carea' id='block_1_16' title="bbox 342 3988 1848 4151">
    <p class='ocr_par' dir='ltr' id='par_1_17' title="bbox 342 3988 1848 4151">
     <span class='ocr_line' id='line_1_41' title="bbox 345 3988 1848 4089; baseline -0.004 -33"><span class='ocrx_word' id='word_1_216' title='bbox 345 4009 497 4077; x_wconf 75' lang='lat' dir='ltr'>quos</span> <span class='ocrx_word' id='word_1_217' title='bbox 523 3991 679 4078; x_wconf 67' lang='lat' dir='ltr'>filos</span> <span class='ocrx_word' id='word_1_218' title='bbox 720 3990 806 4056; x_wconf 79' lang='lat' dir='ltr'>ad</span> <span class='ocrx_word' id='word_1_219' title='bbox 823 3989 1065 4075; x_wconf 77' lang='lat' dir='ltr'>sontem</span> <span class='ocrx_word' id='word_1_220' title='bbox 1093 3996 1375 4075; x_wconf 76' lang='lat' dir='ltr'>potant,</span> <span class='ocrx_word' id='word_1_221' title='bbox 1444 3990 1512 4089; x_wconf 60' lang='lat'>¹²⁸.</span> <span class='ocrx_word' id='word_1_222' title='bbox 1564 4007 1749 4053; x_wconf 79' lang='lat' dir='ltr'>area</span> <span class='ocrx_word' id='word_1_223' title='bbox 1745 3988 1848 4050; x_wconf 64' lang='lat'>1--</span> 
     </span>
     <span class='ocr_line' id='line_1_42' title="bbox 342 4084 1772 4151; baseline -0.004 -1"><span class='ocrx_word' id='word_1_224' title='bbox 342 4086 511 4151; x_wconf 80' lang='lat' dir='ltr'>nula.</span> <span class='ocrx_word' id='word_1_225' title='bbox 613 4087 756 4151; x_wconf 89' lang='lat' dir='ltr'><strong>AR.</strong></span> <span class='ocrx_word' id='word_1_226' title='bbox 799 4084 874 4149; x_wconf 89' lang='lat' dir='ltr'>C.</span> <span class='ocrx_word' id='word_1_227' title='bbox 943 4118 961 4143; x_wconf 57' lang='grc' dir='ltr'><strong>ι</strong></span> <span class='ocrx_word' id='word_1_228' title='bbox 1761 4112 1772 4124; x_wconf 84' lang='lat'><strong>·</strong></span> 
     </span>
    </p>
   </div>
   <div class='ocr_carea' id='block_1_17' title="bbox 308 4176 1854 4360">
    <p class='ocr_par' dir='ltr' id='par_1_18' title="bbox 308 4176 1854 4360">
     <span class='ocr_line' id='line_1_43' title="bbox 612 4176 1680 4272; baseline -0.006 -24.871"><span class='ocrx_word' id='word_1_229' title='bbox 612 4181 834 4272; x_wconf 77' lang='lat' dir='ltr'>Caput</span> <span class='ocrx_word' id='word_1_230' title='bbox 868 4181 1156 4257; x_wconf 72' lang='lat' dir='ltr'>Dianae,</span> <span class='ocrx_word' id='word_1_231' title='bbox 1203 4197 1362 4264; x_wconf 71' lang='lat' dir='ltr'>pone</span> <span class='ocrx_word' id='word_1_232' title='bbox 1390 4176 1680 4241; x_wconf 87' lang='lat' dir='ltr'><strong>ROMA.</strong></span> 
     </span>
     <span class='ocr_line' id='line_1_44' title="bbox 308 4252 1854 4360; baseline -0.003 -21"><span class='ocrx_word' id='word_1_233' title='bbox 308 4279 424 4341; x_wconf 77' lang='grc' dir='ltr'>Ἀ.</span> <span class='ocrx_word' id='word_1_234' title='bbox 460 4252 895 4340; x_wconf 77' lang='lat' dir='ltr'><strong>ALBINVS</strong></span> <span class='ocrx_word' id='word_1_235' title='bbox 913 4274 983 4345; x_wconf 90' lang='lat' dir='ltr'>S.</span> <span class='ocrx_word' id='word_1_236' title='bbox 1024 4277 1098 4340; x_wconf 87' lang='lat' dir='ltr'>F.</span> <span class='ocrx_word' id='word_1_237' title='bbox 1150 4277 1307 4342; x_wconf 79' lang='lat' dir='ltr'>Tres</span> <span class='ocrx_word' id='word_1_238' title='bbox 1343 4276 1572 4360; x_wconf 75' lang='lat' dir='ltr'>equites</span> <span class='ocrx_word' id='word_1_239' title='bbox 1614 4274 1854 4337; x_wconf 73' lang='lat' dir='ltr'>armata·</span> 
     </span>
    </p>
   </div>
   <div class='ocr_carea' id='block_1_18' title="bbox 345 4365 1856 4458">
    <p class='ocr_par' dir='ltr' id='par_1_19' title="bbox 345 4365 1856 4458">
     <span class='ocr_line' id='line_1_45' title="bbox 345 4365 1856 4458; baseline -0.003 -21"><span class='ocrx_word' id='word_1_240' title='bbox 345 4375 538 4437; x_wconf 78' lang='lat' dir='ltr'>citato</span> <span class='ocrx_word' id='word_1_241' title='bbox 589 4373 794 4457; x_wconf 82' lang='lat' dir='ltr'>cursu,</span> <span class='ocrx_word' id='word_1_242' title='bbox 846 4391 1000 4458; x_wconf 74' lang='lat' dir='ltr'>quos</span> <span class='ocrx_word' id='word_1_243' title='bbox 1044 4373 1214 4437; x_wconf 79' lang='lat' dir='ltr'>miles</span> <span class='ocrx_word' id='word_1_244' title='bbox 1262 4371 1551 4457; x_wconf 75' lang='lat' dir='ltr'>pedestris</span> <span class='ocrx_word' id='word_1_245' title='bbox 1588 4365 1856 4456; x_wconf 62' lang='lat' dir='ltr'>effigere</span> 
     </span>
    </p>
   </div>
   <div class='ocr_carea' id='block_1_19' title="bbox 429 4565 1679 4647">
    <p class='ocr_par' dir='ltr' id='par_1_20' title="bbox 429 4565 1679 4647">
     <span class='ocr_line' id='line_1_46' title="bbox 429 4565 1679 4647; baseline -0.003 -15"><span class='ocrx_word' id='word_1_246' title='bbox 429 4584 486 4643; x_wconf 65' lang='lat' dir='ltr'>a)</span> <span class='ocrx_word' id='word_1_247' title='bbox 522 4581 585 4634; x_wconf 87' lang='lat' dir='ltr'><strong>L.</strong></span> <span class='ocrx_word' id='word_1_248' title='bbox 622 4579 757 4640; x_wconf 82' lang='lat' dir='ltr'><strong>xx.</strong></span> <span class='ocrx_word' id='word_1_249' title='bbox 797 4565 842 4633; x_wconf 67' lang='grc' dir='ltr'>ὲ.</span> <span class='ocrx_word' id='word_1_250' title='bbox 872 4597 928 4647; x_wconf 79' lang='lat'>³·</span> <span class='ocrx_word' id='word_1_251' title='bbox 1099 4577 1156 4644; x_wconf 79' lang='lat' dir='ltr'>b)</span> <span class='ocrx_word' id='word_1_252' title='bbox 1195 4578 1261 4637; x_wconf 86' lang='lat' dir='ltr'><strong>L.</strong></span> <span class='ocrx_word' id='word_1_253' title='bbox 1299 4577 1399 4631; x_wconf 78' lang='lat' dir='ltr'><strong>lv.</strong></span> <span class='ocrx_word' id='word_1_254' title='bbox 1439 4575 1557 4635; x_wconf 67' lang='lat' dir='ltr'><strong>sah.</strong></span> <span class='ocrx_word' id='word_1_255' title='bbox 1591 4589 1679 4638; x_wconf 73' lang='lat'><strong>24.</strong></span> 
     </span>
    </p>
   </div>
   <div class='ocr_carea' id='block_1_20' title="bbox 1929 1898 3457 2552">
    <p class='ocr_par' dir='ltr' id='par_1_21' title="bbox 1929 1898 3457 2552">
     <span class='ocr_line' id='line_1_47' title="bbox 1933 1898 3443 1983; baseline 0.001 -22"><span class='ocrx_word' id='word_1_256' title='bbox 1933 1919 2083 1962; x_wconf 90' lang='lat' dir='ltr'>cum</span> <span class='ocrx_word' id='word_1_257' title='bbox 2123 1898 2561 1983; x_wconf 83' lang='lat' dir='ltr'>Regillensem</span> <span class='ocrx_word' id='word_1_258' title='bbox 2592 1899 2981 1973; x_wconf 82' lang='lat' dir='ltr'>victoriam,</span> <span class='ocrx_word' id='word_1_259' title='bbox 3033 1906 3168 1980; x_wconf 86' lang='lat' dir='ltr'>quo</span> <span class='ocrx_word' id='word_1_260' title='bbox 3202 1901 3443 1963; x_wconf 86' lang='lat' dir='ltr'>eodem</span> 
     </span>
     <span class='ocr_line' id='line_1_48' title="bbox 1929 1981 3441 2076; baseline 0.002 -20"><span class='ocrx_word' id='word_1_261' title='bbox 1929 2006 2241 2076; x_wconf 90' lang='lat' dir='ltr'>tempore</span> <span class='ocrx_word' id='word_1_262' title='bbox 2287 1992 2431 2056; x_wconf 79' lang='lat' dir='ltr'>viii</span> <span class='ocrx_word' id='word_1_263' title='bbox 2460 1995 2604 2056; x_wconf 90' lang='lat' dir='ltr'>sunt</span> <span class='ocrx_word' id='word_1_264' title='bbox 2634 1981 2899 2055; x_wconf 86' lang='lat' dir='ltr'>Romae</span> <span class='ocrx_word' id='word_1_265' title='bbox 2945 1994 3013 2055; x_wconf 86' lang='lat' dir='ltr'>in</span> <span class='ocrx_word' id='word_1_266' title='bbox 3067 1992 3257 2057; x_wconf 85' lang='lat' dir='ltr'>foro·</span> <span class='ocrx_word' id='word_1_267' title='bbox 3305 1998 3441 2059; x_wconf 88' lang='lat' dir='ltr'>duo</span> 
     </span>
     <span class='ocr_line' id='line_1_49' title="bbox 1932 2088 3444 2173; baseline 0.001 -22"><span class='ocrx_word' id='word_1_268' title='bbox 1932 2089 2390 2151; x_wconf 73' lang='lat' dir='ltr'>adolescentes</span> <span class='ocrx_word' id='word_1_269' title='bbox 2428 2088 2864 2173; x_wconf 85' lang='lat' dir='ltr'>pulcherrimi</span> <span class='ocrx_word' id='word_1_270' title='bbox 2926 2089 3206 2152; x_wconf 88' lang='lat' dir='ltr'>militari</span> <span class='ocrx_word' id='word_1_271' title='bbox 3242 2089 3444 2153; x_wconf 84' lang='lat' dir='ltr'>cultu</span> 
     </span>
     <span class='ocr_line' id='line_1_50' title="bbox 1935 2179 3444 2265; baseline 0.003 -21"><span class='ocrx_word' id='word_1_272' title='bbox 1935 2203 2147 2265; x_wconf 86' lang='lat' dir='ltr'>equos</span> <span class='ocrx_word' id='word_1_273' title='bbox 2188 2184 2424 2247; x_wconf 86' lang='lat' dir='ltr'>sudore</span> <span class='ocrx_word' id='word_1_274' title='bbox 2450 2196 2801 2247; x_wconf 86' lang='lat' dir='ltr'>manantes</span> <span class='ocrx_word' id='word_1_275' title='bbox 2846 2184 2935 2247; x_wconf 87' lang='lat' dir='ltr'>ad</span> <span class='ocrx_word' id='word_1_276' title='bbox 2972 2179 3234 2249; x_wconf 80' lang='lat' dir='ltr'>fontem</span> <span class='ocrx_word' id='word_1_277' title='bbox 3251 2186 3444 2252; x_wconf 78' lang='lat' dir='ltr'>lava-</span> 
     </span>
     <span class='ocr_line' id='line_1_51' title="bbox 1934 2276 3457 2367; baseline 0.005 -30"><span class='ocrx_word' id='word_1_278' title='bbox 1934 2296 2044 2353; x_wconf 89' lang='lat' dir='ltr'>re,</span> <span class='ocrx_word' id='word_1_279' title='bbox 2100 2279 2404 2359; x_wconf 84' lang='lat' dir='ltr'>quicum</span> <span class='ocrx_word' id='word_1_280' title='bbox 2452 2276 3024 2343; x_wconf 78' lang='lat' dir='ltr'>circumstantibus</span> <span class='ocrx_word' id='word_1_281' title='bbox 3060 2282 3457 2367; x_wconf 71' lang='lat' dir='ltr'>incomper:</span> 
     </span>
     <span class='ocr_line' id='line_1_52' title="bbox 1931 2373 3440 2454; baseline 0.005 -22"><span class='ocrx_word' id='word_1_282' title='bbox 1931 2382 2074 2434; x_wconf 88' lang='lat' dir='ltr'>tam</span> <span class='ocrx_word' id='word_1_283' title='bbox 2121 2373 2444 2436; x_wconf 86' lang='lat' dir='ltr'>hactenus</span> <span class='ocrx_word' id='word_1_284' title='bbox 2483 2375 2841 2436; x_wconf 85' lang='lat' dir='ltr'>victoriam</span> <span class='ocrx_word' id='word_1_285' title='bbox 2889 2376 3278 2454; x_wconf 69' lang='lat' dir='ltr'>narrassent,</span> <span class='ocrx_word' id='word_1_286' title='bbox 3327 2378 3440 2440; x_wconf 89' lang='lat' dir='ltr'>de·</span> 
     </span>
     <span class='ocr_line' id='line_1_53' title="bbox 1932 2468 3443 2552; baseline 0.002 -23"><span class='ocrx_word' id='word_1_287' title='bbox 1932 2469 2179 2550; x_wconf 88' lang='lat' dir='ltr'>inceps&#39;</span> <span class='ocrx_word' id='word_1_288' title='bbox 2202 2469 2492 2552; x_wconf 86' lang='lat' dir='ltr'>amplius</span> <span class='ocrx_word' id='word_1_289' title='bbox 2529 2468 2866 2552; x_wconf 90' lang='lat' dir='ltr'>conspecti</span> <span class='ocrx_word' id='word_1_290' title='bbox 2901 2489 3040 2533; x_wconf 88' lang='lat' dir='ltr'>non</span> <span class='ocrx_word' id='word_1_291' title='bbox 3068 2470 3232 2532; x_wconf 90' lang='lat' dir='ltr'>sunt.</span> <span class='ocrx_word' id='word_1_292' title='bbox 3247 2479 3255 2486; x_wconf 83' lang='grc'><strong><em>’</em></strong></span> <span class='ocrx_word' id='word_1_293' title='bbox 3308 2470 3443 2532; x_wconf 81' lang='lat' dir='ltr'>vffi</span> 
     </span>
    </p>
   </div>
   <div class='ocr_carea' id='block_1_21' title="bbox 1932 2562 3535 2647">
    <p class='ocr_par' dir='ltr' id='par_1_22' title="bbox 1932 2562 3535 2647">
     <span class='ocr_line' id='line_1_54' title="bbox 1932 2562 3535 2647; baseline 0.002 -23"><span class='ocrx_word' id='word_1_294' title='bbox 1932 2564 2139 2625; x_wconf 89' lang='lat' dir='ltr'>etiam</span> <span class='ocrx_word' id='word_1_295' title='bbox 2186 2565 2255 2624; x_wconf 92' lang='lat' dir='ltr'>in</span> <span class='ocrx_word' id='word_1_296' title='bbox 2289 2562 2433 2647; x_wconf 87' lang='lat' dir='ltr'>ipsa</span> <span class='ocrx_word' id='word_1_297' title='bbox 2488 2564 2635 2626; x_wconf 88' lang='lat' dir='ltr'>acie</span> <span class='ocrx_word' id='word_1_298' title='bbox 2686 2564 2821 2626; x_wconf 89' lang='lat' dir='ltr'>duo</span> <span class='ocrx_word' id='word_1_299' title='bbox 2859 2567 3141 2645; x_wconf 80' lang='lat' dir='ltr'>juvenes</span> <span class='ocrx_word' id='word_1_300' title='bbox 3177 2584 3264 2626; x_wconf 83' lang='lat' dir='ltr'>ex</span> <span class='ocrx_word' id='word_1_301' title='bbox 3287 2585 3440 2630; x_wconf 87' lang='lat' dir='ltr'>can·</span> <span class='ocrx_word' id='word_1_302' title='bbox 3518 2599 3535 2611; x_wconf 86' lang='lat'><strong>·</strong></span> 
     </span>
    </p>
   </div>
   <div class='ocr_carea' id='block_1_22' title="bbox 1930 2657 3441 2838">
    <p class='ocr_par' dir='ltr' id='par_1_23' title="bbox 1930 2657 3441 2838">
     <span class='ocr_line' id='line_1_55' title="bbox 1931 2657 3441 2748; baseline 0.005 -29"><span class='ocrx_word' id='word_1_303' title='bbox 1931 2658 2107 2719; x_wconf 90' lang='lat' dir='ltr'>didis</span> <span class='ocrx_word' id='word_1_304' title='bbox 2156 2660 2344 2741; x_wconf 88' lang='lat' dir='ltr'>equis</span> <span class='ocrx_word' id='word_1_305' title='bbox 2380 2657 2639 2720; x_wconf 87' lang='lat' dir='ltr'>summa</span> <span class='ocrx_word' id='word_1_306' title='bbox 2674 2659 2919 2721; x_wconf 83' lang='lat' dir='ltr'>virtute</span> <span class='ocrx_word' id='word_1_307' title='bbox 2958 2679 3087 2748; x_wconf 90' lang='lat' dir='ltr'>pro</span> <span class='ocrx_word' id='word_1_308' title='bbox 3111 2660 3441 2730; x_wconf 74' lang='lat' dir='ltr'>Romanis</span> 
     </span>
     <span class='ocr_line' id='line_1_56' title="bbox 1930 2754 3441 2838; baseline 0.004 -23"><span class='ocrx_word' id='word_1_309' title='bbox 1930 2773 2253 2838; x_wconf 86' lang='lat' dir='ltr'>pugnare.</span> <span class='ocrx_word' id='word_1_310' title='bbox 2355 2755 2445 2816; x_wconf 86' lang='lat' dir='ltr'>Hi</span> <span class='ocrx_word' id='word_1_311' title='bbox 2479 2773 2631 2815; x_wconf 91' lang='lat' dir='ltr'>cum</span> <span class='ocrx_word' id='word_1_312' title='bbox 2678 2754 2925 2838; x_wconf 85' lang='lat' dir='ltr'>passim</span> <span class='ocrx_word' id='word_1_313' title='bbox 2959 2755 3271 2819; x_wconf 83' lang='lat' dir='ltr'>Dioscuri</span> <span class='ocrx_word' id='word_1_314' title='bbox 3304 2777 3441 2821; x_wconf 89' lang='lat' dir='ltr'>cre-</span> 
     </span>
    </p>
   </div>
   <div class='ocr_carea' id='block_1_23' title="bbox 1932 2841 3575 2948">
    <p class='ocr_par' dir='ltr' id='par_1_24' title="bbox 1932 2841 3575 2948">
     <span class='ocr_line' id='line_1_57' title="bbox 1932 2841 3575 2948; baseline 0.003 -37"><span class='ocrx_word' id='word_1_315' title='bbox 1932 2850 2289 2924; x_wconf 76' lang='lat' dir='ltr'>derentur,</span> <span class='ocrx_word' id='word_1_316' title='bbox 2311 2868 2576 2911; x_wconf 88' lang='lat' dir='ltr'>eorum</span> <span class='ocrx_word' id='word_1_317' title='bbox 2620 2849 2687 2910; x_wconf 91' lang='lat' dir='ltr'>in</span> <span class='ocrx_word' id='word_1_318' title='bbox 2726 2844 2889 2911; x_wconf 89' lang='lat' dir='ltr'>urbe</span> <span class='ocrx_word' id='word_1_319' title='bbox 2930 2850 3145 2912; x_wconf 85' lang='lat' dir='ltr'>cultus</span> <span class='ocrx_word' id='word_1_320' title='bbox 3213 2853 3444 2938; x_wconf 88' lang='lat' dir='ltr'>coepit</span> <span class='ocrx_word' id='word_1_321' title='bbox 3487 2926 3499 2948; x_wconf 50' lang='lat'>‚</span> <span class='ocrx_word' id='word_1_322' title='bbox 3568 2841 3575 2850; x_wconf 68' lang='grc'><em>’</em></span> 
     </span>
    </p>
   </div>
   <div class='ocr_carea' id='block_1_24' title="bbox 1916 2943 3448 4477">
    <p class='ocr_par' dir='ltr' id='par_1_25' title="bbox 1926 2943 3448 4161">
     <span class='ocr_line' id='line_1_58' title="bbox 1926 2943 3446 3029; baseline 0.003 -23"><span class='ocrx_word' id='word_1_323' title='bbox 1926 2944 2363 3006; x_wconf 82' lang='lat' dir='ltr'>inclarescere</span> <span class='ocrx_word' id='word_1_324' title='bbox 2394 2944 2677 3005; x_wconf 89' lang='lat' dir='ltr'>dicata</span> <span class='ocrx_word' id='word_1_325' title='bbox 2658 2945 2743 3005; x_wconf 78' lang='lat' dir='ltr'>lis</span> <span class='ocrx_word' id='word_1_326' title='bbox 2765 2943 3034 3029; x_wconf 88' lang='lat' dir='ltr'>publice</span> <span class='ocrx_word' id='word_1_327' title='bbox 3066 2947 3259 3008; x_wconf 86' lang='lat' dir='ltr'>aede.</span> <span class='ocrx_word' id='word_1_328' title='bbox 3311 2948 3446 3011; x_wconf 85' lang='lat' dir='ltr'>Eo·</span> 
     </span>
     <span class='ocr_line' id='line_1_59' title="bbox 1931 3037 3440 3128; baseline 0.003 -27"><span class='ocrx_word' id='word_1_329' title='bbox 1931 3040 2084 3101; x_wconf 89' lang='lat' dir='ltr'>dem</span> <span class='ocrx_word' id='word_1_330' title='bbox 2126 3040 2334 3100; x_wconf 88' lang='lat' dir='ltr'>etiam</span> <span class='ocrx_word' id='word_1_331' title='bbox 2375 3037 2604 3100; x_wconf 85' lang='lat' dir='ltr'>haud</span> <span class='ocrx_word' id='word_1_332' title='bbox 2630 3037 2835 3101; x_wconf 90' lang='lat' dir='ltr'>dubie</span> <span class='ocrx_word' id='word_1_333' title='bbox 2881 3040 3169 3122; x_wconf 84' lang='lat' dir='ltr'>pertinet</span> <span class='ocrx_word' id='word_1_334' title='bbox 3246 3061 3440 3128; x_wconf 85' lang='lat' dir='ltr'>argu·</span> 
     </span>
     <span class='ocr_line' id='line_1_60' title="bbox 1916 3133 3442 3220; baseline 0.001 -22.019"><span class='ocrx_word' id='word_1_335' title='bbox 1916 3142 2233 3198; x_wconf 87' lang='lat' dir='ltr'>mentum</span> <span class='ocrx_word' id='word_1_336' title='bbox 2287 3133 2549 3195; x_wconf 87' lang='lat' dir='ltr'>denarii</span> <span class='ocrx_word' id='word_1_337' title='bbox 2587 3134 2672 3196; x_wconf 91' lang='grc' dir='ltr'>ΙΙ.</span> <span class='ocrx_word' id='word_1_338' title='bbox 2774 3135 2950 3196; x_wconf 89' lang='lat' dir='ltr'>Nam</span> <span class='ocrx_word' id='word_1_339' title='bbox 2997 3154 3150 3220; x_wconf 85' lang='lat' dir='ltr'>cum</span> <span class='ocrx_word' id='word_1_340' title='bbox 3206 3136 3277 3198; x_wconf 90' lang='lat' dir='ltr'>in</span> <span class='ocrx_word' id='word_1_341' title='bbox 3330 3157 3442 3200; x_wconf 90' lang='lat' dir='ltr'>eo·</span> 
     </span>
     <span class='ocr_line' id='line_1_61' title="bbox 1933 3227 3443 3317; baseline 0.001 -24"><span class='ocrx_word' id='word_1_342' title='bbox 1933 3231 2088 3293; x_wconf 89' lang='lat' dir='ltr'>dem</span> <span class='ocrx_word' id='word_1_343' title='bbox 2131 3227 2394 3313; x_wconf 81' lang='lat' dir='ltr'>praelio</span> <span class='ocrx_word' id='word_1_344' title='bbox 2438 3240 2703 3291; x_wconf 86' lang='lat' dir='ltr'>nutaret</span> <span class='ocrx_word' id='word_1_345' title='bbox 2748 3230 3080 3307; x_wconf 83' lang='lat' dir='ltr'>victoria,</span> <span class='ocrx_word' id='word_1_346' title='bbox 3132 3230 3443 3317; x_wconf 86' lang='lat' dir='ltr'>magister</span> 
     </span>
     <span class='ocr_line' id='line_1_62' title="bbox 1935 3321 3443 3408; baseline 0.006 -25"><span class='ocrx_word' id='word_1_347' title='bbox 1935 3325 2239 3404; x_wconf 88' lang='lat' dir='ltr'>equitum</span> <span class='ocrx_word' id='word_1_348' title='bbox 2276 3325 2467 3404; x_wconf 79' lang='lat' dir='ltr'>equis</span> <span class='ocrx_word' id='word_1_349' title='bbox 2515 3321 2745 3383; x_wconf 79' lang='lat' dir='ltr'>frenos</span> <span class='ocrx_word' id='word_1_350' title='bbox 2813 3323 2993 3386; x_wconf 86' lang='lat' dir='ltr'>demi</span> <span class='ocrx_word' id='word_1_351' title='bbox 3043 3325 3277 3408; x_wconf 83' lang='lat' dir='ltr'>jussit,</span> <span class='ocrx_word' id='word_1_352' title='bbox 3367 3341 3443 3392; x_wconf 87' lang='lat' dir='ltr'>ut</span> 
     </span>
     <span class='ocr_line' id='line_1_63' title="bbox 1933 3414 3440 3502; baseline 0.005 -25"><span class='ocrx_word' id='word_1_353' title='bbox 1933 3428 2127 3477; x_wconf 83' lang='lat' dir='ltr'>tanto</span> <span class='ocrx_word' id='word_1_354' title='bbox 2176 3418 2399 3478; x_wconf 83' lang='lat' dir='ltr'>acrius</span> <span class='ocrx_word' id='word_1_355' title='bbox 2439 3416 2506 3476; x_wconf 92' lang='lat' dir='ltr'>in</span> <span class='ocrx_word' id='word_1_356' title='bbox 2549 3414 2800 3478; x_wconf 76' lang='lat' dir='ltr'>hostem</span> <span class='ocrx_word' id='word_1_357' title='bbox 2855 3416 3232 3500; x_wconf 80' lang='lat' dir='ltr'>ferrentur,</span> <span class='ocrx_word' id='word_1_358' title='bbox 3304 3439 3440 3502; x_wconf 88' lang='lat' dir='ltr'>quo</span> 
     </span>
     <span class='ocr_line' id='line_1_64' title="bbox 1933 3507 3440 3596; baseline 0.005 -26"><span class='ocrx_word' id='word_1_359' title='bbox 1933 3508 2123 3572; x_wconf 82' lang='lat' dir='ltr'>facto</span> <span class='ocrx_word' id='word_1_360' title='bbox 2157 3511 2374 3571; x_wconf 83' lang='lat' dir='ltr'>aciem</span> <span class='ocrx_word' id='word_1_361' title='bbox 2408 3507 2688 3572; x_wconf 75' lang='lat' dir='ltr'>hostium</span> <span class='ocrx_word' id='word_1_362' title='bbox 2716 3523 3184 3596; x_wconf 85' lang='lat' dir='ltr'>perruperunt,</span> <span class='ocrx_word' id='word_1_363' title='bbox 3224 3525 3306 3574; x_wconf 73' lang='lat' dir='ltr'>et</span> <span class='ocrx_word' id='word_1_364' title='bbox 3331 3532 3440 3578; x_wconf 78' lang='lat' dir='ltr'>ca·</span> 
     </span>
     <span class='ocr_line' id='line_1_65' title="bbox 1937 3593 3446 3687; baseline 0.005 -22"><span class='ocrx_word' id='word_1_365' title='bbox 1937 3601 2064 3665; x_wconf 85' lang='lat' dir='ltr'>stra</span> <span class='ocrx_word' id='word_1_366' title='bbox 2106 3614 2447 3687; x_wconf 89' lang='lat' dir='ltr'>ceperunt.</span> <span class='ocrx_word' id='word_1_367' title='bbox 2577 3604 2878 3677; x_wconf 80' lang='lat' dir='ltr'>Similem</span> <span class='ocrx_word' id='word_1_368' title='bbox 2959 3593 3446 3672; x_wconf 79' lang='lat' dir='ltr'>Dioscurorum</span> 
     </span>
     <span class='ocr_line' id='line_1_66' title="bbox 1935 3699 3441 3782; baseline 0.005 -20"><span class='ocrx_word' id='word_1_369' title='bbox 1935 3700 2282 3777; x_wconf 73' lang='grc' dir='ltr'><strong>ἐπιφανειαν</strong></span> <span class='ocrx_word' id='word_1_370' title='bbox 2313 3718 2438 3782; x_wconf 86' lang='lat' dir='ltr'>pro</span> <span class='ocrx_word' id='word_1_371' title='bbox 2474 3699 2712 3764; x_wconf 82' lang='lat' dir='ltr'>Locris</span> <span class='ocrx_word' id='word_1_372' title='bbox 2735 3700 3050 3763; x_wconf 76' lang='lat' dir='ltr'>adversus</span> <span class='ocrx_word' id='word_1_373' title='bbox 3086 3700 3441 3768; x_wconf 81' lang='lat' dir='ltr'>Crotonia-</span> 
     </span>
     <span class='ocr_line' id='line_1_67' title="bbox 1936 3794 3441 3882; baseline 0.005 -26"><span class='ocrx_word' id='word_1_374' title='bbox 1936 3806 2042 3857; x_wconf 89' lang='lat' dir='ltr'>tas</span> <span class='ocrx_word' id='word_1_375' title='bbox 2081 3794 2547 3856; x_wconf 86' lang='lat' dir='ltr'>dimicantium</span> <span class='ocrx_word' id='word_1_376' title='bbox 2573 3794 2785 3858; x_wconf 85' lang='lat' dir='ltr'>habes</span> <span class='ocrx_word' id='word_1_377' title='bbox 2808 3799 2990 3882; x_wconf 88' lang='lat' dir='ltr'>apud</span> <span class='ocrx_word' id='word_1_378' title='bbox 3023 3795 3364 3879; x_wconf 83' lang='lat' dir='ltr'>Iustinum,</span> <span class='ocrx_word' id='word_1_379' title='bbox 3384 3806 3441 3878; x_wconf 85' lang='grc'><strong>)</strong></span> 
     </span>
     <span class='ocr_line' id='line_1_68' title="bbox 1937 3888 3448 3975; baseline 0.005 -23"><span class='ocrx_word' id='word_1_380' title='bbox 1937 3888 2455 3953; x_wconf 79' lang='lat' dir='ltr'>et·Simonidem</span> <span class='ocrx_word' id='word_1_381' title='bbox 2496 3903 2773 3975; x_wconf 85' lang='lat' dir='ltr'>poetam</span> <span class='ocrx_word' id='word_1_382' title='bbox 2813 3912 2858 3954; x_wconf 87' lang='lat' dir='ltr'><strong>a.</strong></span> <span class='ocrx_word' id='word_1_383' title='bbox 2897 3907 3207 3957; x_wconf 84' lang='lat' dir='ltr'>camerae</span> <span class='ocrx_word' id='word_1_384' title='bbox 3247 3898 3448 3959; x_wconf 80' lang='lat' dir='ltr'>ruina</span> 
     </span>
     <span class='ocr_line' id='line_1_69' title="bbox 1936 3983 3442 4064; baseline 0.005 -17"><span class='ocrx_word' id='word_1_385' title='bbox 1936 3984 2237 4047; x_wconf 86' lang='lat' dir='ltr'>illaesum</span> <span class='ocrx_word' id='word_1_386' title='bbox 2272 3983 2717 4064; x_wconf 79' lang='lat' dir='ltr'>servantium,</span> <span class='ocrx_word' id='word_1_387' title='bbox 2792 4001 2866 4051; x_wconf 91' lang='lat' dir='ltr'>ut</span> <span class='ocrx_word' id='word_1_388' title='bbox 2920 4002 3171 4059; x_wconf 81' lang='lat' dir='ltr'>narrat,</span> <span class='ocrx_word' id='word_1_389' title='bbox 3228 3991 3442 4055; x_wconf 84' lang='lat' dir='ltr'>Phae·</span> 
     </span>
     <span class='ocr_line' id='line_1_70' title="bbox 1938 4069 2238 4161; baseline 0 -19"><span class='ocrx_word' id='word_1_390' title='bbox 1938 4082 2122 4143; x_wconf 77' lang='lat' dir='ltr'>druS.</span> <span class='ocrx_word' id='word_1_391' title='bbox 2173 4069 2238 4161; x_wconf 79' lang='lat' dir='ltr'>b)</span> 
     </span>
    </p>

    <p class='ocr_par' dir='ltr' id='par_1_26' title="bbox 1938 4172 3442 4457">
     <span class='ocr_line' id='line_1_71' title="bbox 2037 4172 3442 4266; baseline 0.011 -30"><span class='ocrx_word' id='word_1_392' title='bbox 2037 4176 2114 4237; x_wconf 92' lang='lat' dir='ltr'>In</span> <span class='ocrx_word' id='word_1_393' title='bbox 2192 4172 2680 4239; x_wconf 82' lang='lat' dir='ltr'>Postumiorum</span> <span class='ocrx_word' id='word_1_394' title='bbox 2734 4180 2951 4242; x_wconf 85' lang='lat' dir='ltr'>numis</span> <span class='ocrx_word' id='word_1_395' title='bbox 3024 4202 3442 4266; x_wconf 86' lang='lat' dir='ltr'>praenomen</span> 
     </span>
     <span class='ocr_line' id='line_1_72' title="bbox 1938 4271 3441 4355; baseline 0.008 -21"><span class='ocrx_word' id='word_1_396' title='bbox 1938 4271 2253 4354; x_wconf 77' lang='lat' dir='ltr'>Spurius,</span> <span class='ocrx_word' id='word_1_397' title='bbox 2307 4292 2645 4354; x_wconf 88' lang='lat' dir='ltr'>nunquam</span> <span class='ocrx_word' id='word_1_398' title='bbox 2683 4272 2986 4337; x_wconf 86' lang='lat' dir='ltr'>scribitur</span> <span class='ocrx_word' id='word_1_399' title='bbox 3030 4277 3197 4355; x_wconf 85' lang='lat' dir='ltr'><strong>SP.,</strong></span> <span class='ocrx_word' id='word_1_400' title='bbox 3248 4281 3359 4344; x_wconf 82' lang='lat' dir='ltr'>sed</span> <span class='ocrx_word' id='word_1_401' title='bbox 3395 4282 3441 4347; x_wconf 91' lang='lat' dir='ltr'><strong>S</strong></span> 
     </span>
     <span class='ocr_line' id='line_1_73' title="bbox 1938 4347 3444 4477; baseline 0.011 -51"><span class='ocrx_word' id='word_1_402' title='bbox 1938 4364 2278 4449; x_wconf 82' lang='lat' dir='ltr'>simplice,</span> <span class='ocrx_word' id='word_1_403' title='bbox 2335 4347 2519 4449; x_wconf 76' lang='lat' dir='ltr'>quod</span> <span class='ocrx_word' id='word_1_404' title='bbox 2560 4388 2693 4477; x_wconf 87' lang='lat' dir='ltr'>quo</span> <span class='ocrx_word' id='word_1_405' title='bbox 2738 4373 2955 4432; x_wconf 85' lang='lat' dir='ltr'>minus</span> <span class='ocrx_word' id='word_1_406' title='bbox 2992 4371 3255 4457; x_wconf 84' lang='lat' dir='ltr'>legatur</span> <span class='ocrx_word' id='word_1_407' title='bbox 3283 4376 3444 4443; x_wconf 78' lang='lat' dir='ltr'>Sex·</span> 
     </span>
    </p>
   </div>
  </div>
 </body>
</html>
