4175 5450
533 3252 550 3267 ,
654 3183 927 3246 tuendis
961 3181 1229 3245 IIIviris
1280 3177 1583 3243 liberalis
1616 3223 1636 3256 ,

649 587 790 656 ¹30

641 759 1032 828 PVTEAL.
1117 757 1537 827 SCRIBON.
1617 760 1856 832 LIBO.
1937 758 2173 830 Puteal

644 858 928 928 Libonis.
1024 861 1177 924 AR.
1203 859 1288 927 -.C
1455 891 1462 896 ·

938 955 1472 1049 Eademadversa.

644 1053 853 1120 TER.
885 1054 1327 1121 PAVLLVS.
1386 1058 1759 1142 Tropaeum,
1794 1055 1996 1141 juxta
2025 1046 2164 1114 hu’nc

642 1154 752 1218 vir
781 1158 1060 1237 togam
1079 1152 1298 1238 flans,
1347 1150 1508 1218 iHinc
1549 1153 1834 1238 captivus
1871 1149 2168 1214 revinctis

633 1248 769 1335 post
802 1257 1051 1334 tergum
1088 1248 1377 1313 manibus
1406 1296 1428 1326 ‚
1477 1246 1867 1338 adstantibus
1921 1241 2168 1310 duabus

635 1345 865 1432 parvis
881 1346 1156 1433 figur-35.
1254 1347 1406 1415 AV.
1479 1343 1897 1433 (Pembrock
1970 1343 2049 1406 P.
2106 1340 2165 1404 L

639 1439 792 1507 tab.
843 1440 946 1525 7.)
997 1440 1267 1508 RRRR.
1319 1442 1468 1506 AR.
1507 1439 1584 1507 C.

938 1536 1177 1602 Eadem
1213 1536 1491 1627 adversa.

575 1635 584 1648 ’
645 1632 1267 1701 CLEMENTIAE.
1302 1636 1371 1700 S.
1412 1635 1489 1699 C.
1562 1635 1767 1722 Caput
1809 1632 2172 1703 Clementiae

577 1751 587 1762 ·
641 1734 820 1799 intra
846 1728 1136 1816 clypeum.
1236 1731 1384 1796 AR.
1438 1735 1711 1797 RRRR.

745 1828 1095 1910 Quoniam
1137 1828 1369 1893 antica
1407 1829 1499 1896 in.
1540 1829 1858 1894 omnibus
1910 1821 2016 1890 his
2082 1823 2173 1887 est

646 1925 891 1991 eadem
918 1972 940 2003 ,
994 1935 1253 1989 certum
1341 1927 1637 2010 pariter,
1708 1944 1845 1990 uno
1934 1941 2171 1986 omnes

644 2034 957 2108 tempore
1002 2040 1087 2084 ac
1132 2021 1406 2086 confilio
1450 2021 1764 2108 lignatus.
1865 2021 2013 2084 Iam
2036 2019 2171 2106 pri-

647 2139 839 2183 mum
878 2116 1093 2180 sensus
1141 2138 1211 2183 rs
1274 2119 1712 2186 PAVLLVS.
1783 2113 2170 2181 LEPIDVS

648 2213 1151 2299 dijudicandus.
1288 2215 1821 2302 Havercampus
1879 2226 2172 2296 utroque

653 2313 930 2376 nomine
966 2308 1274 2377 exhiheri
1318 2324 1514 2399 putat
1559 2311 1874 2375 Paullum
1917 2320 1985 2376 et
2040 2309 2172 2371 Le·

648 2412 889 2499 pidum
921 2405 1146 2469 Paulli
1181 2409 1454 2497 Lepidi·
1477 2407 1655 2474 filios
1689 2456 1710 2487 ,
1761 2409 1863 2470 .de
1926 2404 2182 2491 quibus'

651 2507 974 2572 continuo
1032 2502 1176 2589 egi,
1244 2505 1669 2592 signatosque
1729 2503 1859 2568 hos
1903 2521 2171 2567 *numos

648 2617 833 2680 tum,
887 2619 1042 2665 cum
1081 2616 1361 2690 uterque
1406 2602 1562 2672 ess‘et
1608 2601 1820 2665 IIIrvir
1853 2612 2175 2664 moneta-

601 2746 610 2753 -
647 2701 773 2779 lis,
826 2717 1115 2783 cumque
1161 2703 1234 2766 in
1276 2698 1514 2765 aversa
1546 2698 1732 2761 numi
1799 2696 1855 2761 1.
1909 2698 2177 2762 videret

650 2797 916 2882 insuper
951 2808 1266 2861 notatum
1306 2795 1736 2861 Scribonium
1791 2791 2177 2869 Libonem,

653 2913 888 2959 omnes
923 2906 1057 2957 tres
1093 2894 1409 2969 Illviros,
1467 2891 1582 2976 qui
1624 2907 1758 2951 uno
1797 2889 2179 2981 eodemque

650 3004 964 3075 tempore
1050 2990 1399 3066 exstitere,
1473 2984 1773 3049 credidit
1862 2984 2174 3048 indicari.

655 3085 960 3150 Nimium
995 3086 1054 3148 is
1087 3105 1211 3170 per
1253 3095 1474 3147 totum
1508 3080 1694 3143 suum
1733 3098 1907 3165 opus
1946 3082 2017 3144 in
2061 3078 2179 3142 sta·

1727 3196 1881 3241 cum
1949 3188 2182 3241 tamen

654 3276 1033 3366 ipse'toties
1061 3274 1442 3362 quaestores
1466 3321 1486 3353 ‚
1539 3286 1936 3361 praetores,
1983 3292 2182 3361 prae·

654 3375 879 3440 sectos
909 3372 1096 3438 urbis
1140 3388 1270 3442 ete.
1301 3389 1666 3436 numorum
1693 3383 2008 3436 auctores
2027 3390 2185 3435 con-

660 3473 842 3537 fiteri
873 3485 1178 3557 cogatur.
1275 3466 1939 3534 MeliusPerizonius
1972 3466 2189 3554 ipsum

664 3571 1014 3656 utriusque
1065 3581 1333 3657 patrem
1402 3562 1718 3627 Paullum
1799 3563 2185 3651 Lepidum,

669 3668 755 3732 de
792 3687 928 3751 quo
967 3666 1203 3752 ampla
1246 3660 1413 3728 mihi
1449 3680 1616 3724 mox
1634 3657 1827 3726 facta
1875 3663 2139 3726 mentio
2164 3707 2185 3740 ,

662 3763 879 3831 inthis
913 3764 1133 3827 numis
1165 3761 1357 3827 videt
1383 3807 1406 3842 ,
1457 3755 1658 3820 causa
1695 3768 1888 3821 tanto
1937 3759 2190 3823 certio-

666 3882 780 3936 re,
835 3871 1380 3942 cum-utrumque
1412 3853 1515 3918 illi
1546 3846 1742 3917 fuill'e
1778 3853 1913 3920 hoc
1938 3870 2191 3919 nomen

671 3955 943 4025 constet.

765 4052 909 4118 Cur
939 4055 1011 4118 in
1051 4049 1368 4117 omnibus
1398 4047 1506 4113 his
1537 4049 1761 4113 numia
1802 4046 2073 4135 -Iignata
2117 4044 2195 4110 fit

672 4147 1263 4227 CONCORDIA,
1316 4159 1576 4210 certam
1616 4145 1888 4211 causam
1916 4163 2055 4208 non
2089 4162 2192 4207 re·

673 4247 918 4335 peric,
969 4244 1085 4310 nili
1116 4244 1297 4309 forte
1346 4242 1617 4329 palpari
1657 4238 1919 4328 placuit
1966 4241 2191 4326 Augu’·

675 4344 768 4409 sto
823 4342 914 4408 ob
972 4344 1318 4407 decretum
1384 4360 1429 4403 a
1474 4337 1705 4402 senatu
1752 4355 1979 4401 novae
2010 4334 2189 4399 Con-

675 4441 955 4509 cordiae
987 4438 1318 4522 templum
1345 4454 1470 4521 per
1504 4433 1778 4498 causam
1848 4429 2190 4496 restitutae

745 4646 802 4714 a)
835 4644 901 4700 L.
935 4642 1148 4700 XLIV.
1185 4658 1233 4702 e,
1269 4654 1324 4709 4.

1489 4638 1576 4715 ᾧ)
1610 4642 1768 4704 Anu,
1804 4641 1875 4694 T.
1913 4642 1987 4696 11.
2020 4660 2079 4716 p.
2113 4645 2241 4712 386,

1885 559 2055 644 AE
2077 558 2494 646 MILIA.

2248 782 2292 826 a
2323 761 2382 832 1.
2423 749 2711 826 Caesare
2744 760 2977 848 pade,
3030 761 3114 827 de
3149 780 3284 848 quo
3326 761 3492 834 Dio.
3548 765 3606 844 ⁸)
3657 768 3765 835 Iu·

2248 870 2372 923 vat
2413 860 2743 943 judicium
2780 856 2947 924 istud
2992 879 3234 926 numus
3280 864 3401 931 111.
3435 909 3456 945 ‚
3543 875 3617 927 ut
3662 869 3767 933 di-

2245 967 2458 1021 cetur.

2346 1052 2554 1117 Numi
2603 1054 2660 1119 Ι.
2714 1053 2950 1120 aversa
2990 1065 3234 1142 typum
3275 1055 3554 1122 exhibet
3585 1058 3770 1144 genti

2246 1147 2646 1215 Scriboniae
2681 1153 3059 1238 proprium,
3084 1150 3564 1238 famigeratum
3583 1173 3795 1218 nem--

2245 1267 2334 1333 pe
2372 1248 2648 1331 puteal,
2700 1239 2886 1332 quod
2926 1248 2994 1311 in
3037 1251 3178 1332 ejus
3241 1261 3589 1314 monetam
3660 1270 3775 1314 re..

2245 1341 2619 1409 servamus.
2715 1348 2810 1408 At
2855 1363 2975 1409 cur
3036 1342 3205 1408 istud
3260 1343 3773 1411 Scriboniorum

2247 1439 2454 1503 decus
2492 1441 2715 1505 numia
2755 1439 2886 1506 suis
2926 1439 3277 1506 inseruerit
3313 1442 3617 1528 Paullus,
3653 1464 3773 1507 ex-
3856 1485 3865 1492 -

2247 1535 2509 1622 plicata
2539 1538 2741 1603 ratio.
2841 1537 3161 1601 Diximus
3187 1585 3208 1615 ,
3257 1536 3447 1602 fuiss‘e
3493 1540 3559 1602 ei
3604 1559 3794 1626 uxo-q

2246 1650 2392 1696 rem
2429 1631 2825 1697 Corneliam
2875 1629 3091 1696 filiam
3169 1633 3611 1721 Scriboniae,
3686 1657 3775 1701 ex

2251 1747 2388 1815 quo
2446 1727 2821 1793 adfinitatis
2894 1727 3242 1793 vinculum
3303 1732 3477 1794 inter
3539 1745 3774 1818 gentes

2250 1819 2614 1890 Aemiliam
2656 1837 2737 1888 et
2801 1824 3230 1892 Scriboniam
3254 1875 3274 1907 ‚
3327 1839 3521 1892 tanto
3556 1830 3773 1915 magis

2247 1919 2521 1986 Paullo-
2548 1922 2983 2000 venerabile,
3037 1924 3224 2009 quod
3276 1923 3397 1988 illo
3438 1944 3592 1989 cum
3645 1927 3803 2000 do-.

2252 2037 2368 2082 mo
2417 2014 2782 2083 Caesarum
2831 2020 3229 2102 conjunctus
3271 2017 3404 2100 est,
3481 2041 3568 2086 ex
3634 2043 3773 2109 quo

2253 2114 2679 2180 Octavianus
2713 2115 3146 2180 Scriboniam
3201 2115 3563 2182 Corneliae
3629 2140 3773 2184 ma·

2250 2224 2425 2276 trem
2463 2230 2749 2276 uxorem
2813 2212 3047 2291 duxit,
3135 2226 3211 2276 ut
3289 2213 3488 2298 supra
3570 2216 3777 2282 latius

2255 2306 2534 2373 ostendi.
2633 2305 2809 2372 Iusta
2852 2310 3058 2396 igitur
3101 2309 3343 2393 causa,
3397 2330 3516 2374 cur
3573 2312 3777 2377 Paul-

2254 2406 2360 2469 lus
2401 2404 2855 2469 honorificam
2891 2406 3070 2469 hanc
3092 2425 3246 2471 cum
3280 2420 3475 2493 gente
3503 2407 3770 2474 Scribo·

2258 2520 2376 2565 ma
2408 2502 2726 2564 unionem
2766 2504 2835 2565 in
2870 2516 3151 2570 moneta
3196 2504 3313 2568 sua
3343 2507 3659 2586 jactaret.

2358 2597 2565 2662 Numi
2614 2598 2704 2663 ΙΙ.
2742 2612 2951 2686 typus
3020 2598 3288 2665 illustris
3373 2605 3781 2688 argumenti.

2260 2696 2578 2760 Revoeat
2616 2696 2794 2760 enim
2837 2697 2910 2761 in
2938 2698 3342 2762 memoriam
3381 2696 3464 2764 L.
3499 2699 3784 2765 Aemilii

2263 2792 2487 2855 Paulli
2524 2793 2888 2857 victoriam
2950 2795 3039 2857 de
3104 2795 3393 2875 Perseo,

2262 2888 2798 2974 Macedoniam,
2836 2902 2916 2954 et
2947 2891 3267 2978 deinceps
3298 2895 3629 2958 Romanis
3654 2895 3785 2957 ser·

2262 2984 2411 3049 vire
2448 2996 2805 3064 coactam,
2858 2998 2927 3050 et
2980 2989 3305 3074 triumphi
3359 2993 3442 3055 V.
3499 2987 3579 3057 C.
3639 3003 3795 3073 587

2268 3078 2897 3166 magnificentiam,
2967 3104 3104 3169 quo
3168 3085 3389 3148 nullus
3428 3082 3793 3152 'hactenus

2270 3168 2394 3263 per
2463 3179 2770 3263 praedae
2833 3179 3259 3265 opulentiam
3313 3182 3629 3269 inlignior
3694 3182 3788 3246 est

2274 3283 2510 3358 actus,
2562 3294 2737 3358 quae
2771 3278 3002 3343 omnia
3061 3296 3147 3341 ex
3191 3280 3534 3344 veteribus
3585 3280 3791 3345 adcu-

2266 3382 2418 3434 rate
2455 3371 2749 3437 collecta
2788 3371 3003 3436 habes
3087 3377 3273 3461 apud
3327 3377 3663 3462 Pighium.
3712 3366 3791 3463 b)

2269 3466 2568 3532 Exhibet
2580 3481 2790 3556 typus
2816 3469 3129 3534 Paullum
3145 3483 3455 3558 togatum
3488 3472 3795 3553 flantem,

2271 3559 2697 3649 etporrecta
2767 3568 3052 3631 dextera
3106 3568 3569 3654 imperantem
3627 3572 3798 3655 quid

2269 3661 2560 3739 Persen,
2614 3662 2731 3746 qui
2767 3660 2984 3728 adstat
3022 3665 3331 3751 vinctus,
3383 3667 3454 3729 in
3499 3669 3791 3732 comita-

2270 3768 2345 3820 tu
2392 3757 2682 3819 duorum
2717 3755 3054 3846 filiorum,
3126 3763 3244 3846 qui
3308 3763 3801 3848 triumphantis
3862 3840 3871 3847 κ

2273 3870 2548 3936 quoque
2606 3853 2891 3919 victoris
2975 3877 3244 3922 currum
3353 3861 3796 3944 equebantur.

2271 3947 2663 4037 Epigraphe
2716 3951 2927 4019 TER.
2968 3954 3279 4020 PAVLL
3345 3956 3389 4020 S
3442 3956 3657 4020 sensus
3706 3955 3805 4020 est

2274 4043 2602 4130 ambigui.
2737 4051 2890 4112 Aut
2923 4052 3103 4114 enim
3136 4050 3471 4139 ¹fignificat
3561 4053 3801 4117 trium·

2271 4139 2487 4227 phum
2532 4161 2577 4205 a
2612 4142 2728 4207 IV
2770 4144 2928 4211 Kal.
2974 4147 3146 4212 Dec.
3155 4152 3329 4231 ·ejus
3380 4151 3541 4214 anni
3572 4150 3639 4213 in
3679 4149 3807 4213 tri-

2274 4238 2483 4303 duum
2528 4253 2964 4352 porrectum,
3017 4244 3102 4307 de
3190 4264 3328 4329 quo
3389 4245 3675 4311 Florus,
3728 4244 3802 4328 e)

2271 4336 2497 4421 quippe
2527 4337 2702 4421 agius
2714 4337 3062 4422 spectaculo
3099 4342 3379 4419 triduum
3424 4342 3805 4427 impleverit,

2264 4432 2516 4516 primus
2544 4431 2761 4498 diest
2701 4435 2897 4520 figna
2944 4434 3350 4524 tabulasque,
3383 4438 3644 4528 sequem·
3692 4458 3833 4504 ari

2413 4644 2462 4712 c)
2499 4645 2564 4699 L.
2606 4644 2675 4700 Π.
2710 4663 2760 4708 e.
2802 4662 2883 4701 ια.

3500 2810 3782 2883 captam
3890 2840 3897 2845 ·
