4175 5450
715 610 848 683 ¹94
1886 574 2632 662 CORNELIA.

709 795 811 868 En
842 787 973 857 tibi
1022 785 1281 853 Sullam
1319 781 1619 850 Felicem
1672 803 1809 850 non
1864 787 2072 850 modo
2127 786 2223 849 di·
2305 786 2531 851 numis
2572 782 2833 862 existat,
2883 778 3149 873 patebit
3183 803 3272 862 ex
3313 803 3519 854 numo
3553 785 3804 872 sequen·

709 906 892 960 ctum
922 937 947 971 ,
995 885 1109 949 red
1146 886 1353 949 etiam
1405 882 1709 946 omnium
1753 881 2078 946 sententia
2101 882 2222 945 ha·
2303 895 2396 947 te.
2499 884 2887 947 Morellium
2920 880 3351 970 reprehendit
3403 885 3804 951 Havercam·

707 983 924 1058 bitum
959 1031 980 1062 ‚
1032 1001 1183 1048 cum
1236 977 1544 1046 illustrius
1596 976 1942 1042 felicitatis
2000 998 2225 1041 exem·
2309 998 2480 1067 pu3‚
2533 982 2717 1064 quod
2760 978 3104 1065 flagellum
3139 980 3409 1046 Dianae
3467 980 3641 1069 bigis
3704 1003 3804 1047 ve-

706 1088 861 1176 plar
884 1088 1258 1166 ,anteactae
1290 1076 1455 1160 reip.
1497 1086 1811 1161 tempora
1847 1095 1981 1139 non
2018 1073 2228 1138 habe·
2314 1091 2465 1141 ctae
2512 1074 2732 1162 figura
2769 1077 2921 1141 litui
2955 1076 3382 1163 expresserit,
3434 1099 3806 1165 perperam,

705 1193 898 1264 rent,
950 1177 996 1240 fi
1039 1188 1275 1241 tamen
1338 1169 1634 1235 felicitas
1718 1172 2009 1236 dicenda
2096 1169 2228 1254 est,
2313 1173 2580 1236 namin
2617 1177 2840 1238 numis
2894 1173 3090 1261 iplis,
3141 1176 3329 1260 quod
3380 1174 3612 1239 Diana
3664 1177 3808 1241 dex-

708 1278 940 1367 poss'e,
993 1269 1325 1357 quidquid
1364 1267 1572 1345 velis,
1640 1289 1776 1353 qua
1845 1267 2080 1355 inligni
2162 1278 2231 1331 et
2313 1281 2463 1334 tera
2518 1271 2860 1355 praefert,
2925 1273 3365 1336 certissimam
3421 1272 3634 1337 habet
3677 1274 3811 1337 litui

712 1377 920 1461 digna
1006 1364 1417 1457 philosopho
1459 1364 1784 1429 sententia
1830 1364 2060 1430 Sullae
2128 1364 2229 1428 hi·
2310 1364 2644 1447 formam,
2688 1390 2906 1453 neque
2928 1367 3040 1433 hic
3058 1368 3319 1452 absque
3343 1369 3568 1448 causa,
3620 1390 3810 1455 quae-

712 1470 987 1537 storiam
1054 1463 1345 1529 absolvit
1399 1462 1777 1548 Appianus.
1830 1461 1896 1546 ⁸)
1998 1461 2226 1526 Habe·
2314 1483 2579 1547 cunque
2613 1485 2696 1530 ea
2722 1465 2885 1546 fuit,
2937 1466 3097 1530 huic
3137 1467 3309 1530 deae
3337 1467 3612 1529 videtur
3643 1487 3811 1531 com·

712 1585 861 1642 mus
914 1581 1073 1648 ergo
1134 1560 1270 1624 tria
1314 1558 1488 1622 haec
1554 1559 1872 1643 nomina,
1947 1559 2173 1625 Felicis
2206 1604 2228 1638 ,
2313 1560 2537 1624 miss'us
2566 1608 2587 1641 ,
2640 1582 2793 1626 cum
2831 1576 2897 1626 et
2927 1564 2997 1626 in
3044 1559 3330 1626 denario
3389 1563 3478 1627 11.
3527 1565 3820 1644 ejusdem

712 1658 1178 1750 Epaphroditi,
1230 1656 1477 1742 Fausti,
1530 1655 1773 1739 quibus
1806 1656 2065 1720 Sullam
2085 1657 2224 1740 glo·
2312 1657 2522 1743 capiti
2577 1658 2927 1724 adstitutus
2973 1672 3400 1746 compareat.
3493 1658 3817 1724 Verifimi-

708 1763 961 1828 riatum
994 1754 1184 1817 fuille
1237 1752 1447 1816 tradit
1511 1753 1913 1839 Appianus,
1962 1741 2020 1829 ¹³)
2070 1753 2226 1839 iplis
2309 1752 2414 1831 le,
2468 1774 2553 1817 eo
2588 1754 2822 1819 adludi
2855 1758 2946 1821 ad
2979 1755 3412 1841 auguratum,
3464 1775 3600 1841 quo
3652 1756 3819 1822 Fau·

682 1858 916 1924 ,etiam
963 1850 1185 1915 numis
1239 1847 1665 1914 confirmata.
1781 1850 2036 1936 Addit,
2125 1869 2227 1912 re·
2315 1846 2442 1913 stus
2486 1850 2621 1935 ipse
2653 1853 3003 1938 praeditus
3038 1849 3171 1916 fuit
3220 1850 3380 1916 teste
3415 1851 3664 1917 Dione.
3713 1851 3772 1934 ε)

707 1950 945 2043 perill'e
990 1947 1053 2013 le
1090 1949 1160 2014 in
1194 1946 1725 2029 commentariis,
1775 1948 1889 2031 qui
1921 1947 2230 2024 tradant,
2407 1947 2748 2013 Denarius
2797 1949 2921 2014 111.
2990 1946 3144 2013 fiffit
3206 1950 3540 2013 Venerem
3600 1949 3821 2015 Sullae

707 2070 867 2116 eum
897 2068 985 2112 ex
1027 2044 1092 2109 S.
1154 2042 1231 2110 C.
1266 2043 1663 2127 Επαφροδιτυ
1708 2063 1956 2107 nomen
2012 2041 2226 2106 abstu·
2314 2043 2653 2123 amicam,
2706 2059 2777 2109 ut
2842 2048 2912 2109 in
2963 2044 3530 2131 praecedentibus
3572 2047 3824 2132 docui,

706 2148 890 2227 titre,
943 2155 1013 2214 et
1067 2161 1232 2205 mox
1278 2136 1461 2208 infra
1501 2139 1641 2218 ait,
1704 2142 1923 2226 ,Fausti
1977 2158 2228 2203 nomen
2313 2141 2551 2203 aversa
2585 2142 2885 2206 Dianam
2922 2142 3151 2207 Sullae
3189 2161 3318 2231 per
3354 2142 3688 2207 somnium
3716 2145 3822 2208 vi-

713 2246 806 2313 ad
843 2243 983 2306 vim
1015 2235 1306 2303 nominis
1339 2235 1763 2320 Επαφροδιτε,
1787 2239 2033 2321 venusti,
2068 2256 2230 2322 pro·
2313 2235 2493 2315 sam,
2545 2231 3070 2326 hortantemque
3097 2285 3118 2317 ‚
3168 2258 3253 2303 ne
3294 2238 3642 2306 dubitaret
3690 2239 3826 2304 Ro-

709 2342 896 2412 xime
929 2337 1273 2404 accedere.
1324 2331 1684 2398 Praeclare
1719 2333 2065 2416 utriusque
2104 2352 2226 2394 vo·
2313 2351 2499 2395 mam
2545 2337 2952 2399 contendere
2987 2333 3181 2399 facta
3220 2338 3364 2417 ejus
3388 2338 3829 2422 occupandae

715 2435 945 2512 cabuli
988 2431 1407 2498 adfinitatem
1463 2428 1871 2513 comprobat
1924 2428 2226 2514 Spanhe-
2313 2426 2467 2510 spe,
2520 2431 2708 2511 quod
2752 2442 3220 2516 argumentum
3255 2435 3404 2513 jam
3435 2431 3650 2497 babes
3707 2433 3827 2496 ad-

712 2534 929 2612 mius,
981 2550 1135 2604 eum
1175 2531 1312 2603 ait,
1363 2523 1424 2609 ⁶)
1478 2524 1979 2610 Epaphroditum
2014 2524 2225 2592 Grae-
2313 2522 2512 2586 satim
2552 2527 2980 2612 explicatum
3021 2527 3090 2589 in
3132 2528 3359 2593 numia
3390 2529 3674 2592 Aemilii
3700 2530 3834 2593 Bu·

712 2634 813 2699 cis
845 2630 971 2696 effe
1012 2628 1300 2693 eundem
1326 2673 1346 2704 ,
1400 2624 1513 2710 qui
1556 2623 1818 2687 Latinis
1860 2625 2062 2699 Felix,
2117 2622 2227 2687 seu
2315 2639 2459 2684 cae.

722 2729 1061 2817 Venustus,
1130 2747 1205 2791 a·
1243 2721 1631 2787 felicissimo
1722 2719 1986 2787 Veneris
2044 2726 2228 2799 jactu

718 2830 788 2893 in
835 2827 1130 2893 talorum
1168 2822 1331 2887 lus-u.
1434 2818 1628 2883 Vnde
1679 2828 1748 2880 et
1794 2820 2137 2905 immistus
2163 2830 2232 2884 et

710 2924 936 3008 infelix
975 2919 1323 3004 conjungit
1364 2913 1774 2995 Terentius:
1830 2903 1885 2992 τι)

2413 2717 2786 2783 Denarium
2818 2718 2937 2785 IV.
2955 2715 3068 2782 etfi
3107 2738 3152 2784 a
3178 2717 3423 2787 Fausto
3461 2721 3840 2809 percuss'um

2313 2835 2452 2881 non
2496 2814 2754 2880 abnuat
2793 2816 3353 2902 Havercampus,
3424 2831 3656 2885 tamen
3721 2834 3838 2904 ty-

2315 2930 2445 2998 pos
2477 2930 2614 2975 non
2655 2913 2747 2974 ad
2787 2911 3082 2991 Sullam,
3131 2913 3242 2978 sed
3277 2915 3675 3001 Pompeium
3703 2918 3840 2996 M..

2319 3011 2505 3090 cujus
2555 3006 2834 3071 Faustus
2889 3028 3092 3094 gener
3163 3023 3349 3090 erat,
3434 3010 3690 3090 refert,
3770 3027 3850 3077 et

2321 3118 2586 3191 partem
2637 3106 2911 3188 quidem
2950 3107 3248 3171 anticam
3292 3109 3382 3173 ad
3415 3109 3658 3172 aedem
3701 3112 3844 3174 Ve-

2323 3201 2505 3267 neris
2554 3202 2870 3266 Victricis
2902 3224 2946 3268 a
2991 3203 3324 3289 Pompeio
3387 3206 3778 3289 dedicatam
3824 3252 3851 3284 ,

2324 3297 2462 3362 tria
2501 3310 2793 3385 tropaea
2835 3301 2936 3365 ad.
2963 3301 3281 3364 annulum
3321 3299 3675 3387 Pompeji,
3727 3302 3850 3366 eui

2327 3395 2466 3459 tria
2493 3407 2784 3483 tropaea
2815 3396 3147 3481 ,insculpta
3194 3395 3386 3461 fuere
3447 3396 3606 3462 teste
3672 3399 3856 3472 Dio·

2328 3511 2438 3558 ne.
2493 3481 2541 3571 f.)
2638 3493 2773 3559 Sed
2813 3511 2955 3561 non-
2983 3493 3192 3558 video
3216 3540 3235 3572 ,
3307 3514 3425 3558 cur
3498 3515 3855 3561 recurren-

2327 3591 2609 3657 rendurn
2639 3590 2714 3654 fit
2757 3590 3263 3674 adPompejum
3292 3590 3635 3685 soceru3m,
3690 3612 3860 3658 cum

2330 3688 2680 3770 utriusque
2706 3688 2923 3771 partis
2960 3697 3167 3773 typus
3200 3686 3427 3752 Sullae
3470 3689 3666 3772 patri.
3698 3710 3860 3753 om·

817 3111 1061 3182 Adeon’
1104 3062 1422 3179 ⁴hominem
1481 3107 1849 3189 muntium
1903 3105 2005 3195 ff
2019 3151 2045 3184 ,
2123 3116 2239 3175 aar

817 3207 1115 3295 infelicem
1151 3226 1515 3295 qumquam
1537 3251 1563 3285 2
1608 3213 1681 3271 ut
1720 3202 2043 3291 egestam?

719 3403 1057 3490 Scriptum
1096 3399 1436 3471 FEEle
1482 3418 1608 3484 pro
1632 3395 1907 3465 FELIX
1937 3416 2237 3465 errorem

722 3499 1087 3571 monetarii
1154 3497 1327 3578 facit
1400 3497 1969 3579 Havercampus,
2048 3495 2239 3578 quod

726 3595 1129 3668 certissimus
1157 3592 1251 3659 est
1282 3592 1727 3661 archaismus.
1777 3591 1961 3655 Nam
1981 3589 2025 3659 fi
2046 3589 2239 3672 istud,

728 3696 938 3762 etiam
994 3692 1221 3778 lapsus
1271 3690 1363 3755 est
1414 3689 1830 3757 monetarius
1889 3686 2241 3759 scribendo

722 3789 1038 3860 VAALA
1069 3807 1195 3875 pro
1232 3788 1491 3856 VALA
1523 3788 1593 3851 in
1631 3787 1850 3853 numis
1917 3785 2246 3851 Numeni-

725 3910 831 3956 ae.
932 3887 1039 3955 Ex
1070 3885 1338 3950 Dianae
1370 3896 1542 3970 typo
1574 3884 1642 3947 in
1675 3881 1784 3945 his
1821 3881 2119 3947 denariis
2138 3903 2245 3946 ar·

725 3986 870 4077 guit
902 3983 1421 4067 Havercampus
1450 4028 1471 4060 ,
1522 4000 1645 4045 eos
1668 3980 1737 4047 in
1777 3978 2013 4047 Sicilia
2036 3977 2244 4065 ligna·

723 4099 833 4149 tos
862 4130 882 4162 ,
937 4079 1123 4164 quod
1170 4076 1398 4144 facere
1437 4076 1649 4155 solet,
1704 4077 2244 4161 quotiescunque

726 4184 797 4247 in
827 4178 1049 4255 numis
1089 4176 1391 4241 Dianam
1421 4175 1653 4252 videt,
1738 4172 2019 4258 perinde
2060 4167 2244 4256 quali

724 4280 1027 4364 ignotum
1076 4274 1144 4335 in
1183 4272 1390 4353 urbe,
1442 4283 1510 4336 et
1570 4271 1950 4356 neglectum
1994 4288 2243 4337 numen

722 4373 890 4438 istud
930 4371 1172 4437 fuiss'et.
1271 4373 1455 4435 Vera
1496 4365 1719 4445 causa,
1774 4386 1892 4429 our
1929 4365 2243 4433 in-Sullae

798 4617 853 4677 a)
892 4613 1029 4667 Bell.
1068 4615 1172 4669 civ.
1210 4613 1274 4665 L.
1310 4611 1358 4669 Ι.
1398 4626 1444 4661 c.
1485 4626 1601 4679 ¹05·
1794 4604 1855 4669 b)
1887 4606 1927 4664 l.
1967 4623 2014 4664 c.
2051 4623 2095 4657 c.
2132 4624 2220 4674 97,

729 4686 781 4747 e)
820 4685 885 4736 1..
922 4682 1198 4736 XXXIX.
1236 4699 1284 4740 e.
1322 4696 1407 4745 ²7·
1576 4676 1622 4745 s)
1656 4673 1944 4735 L.‘XL11·
1982 4692 2028 4738 0.
2070 4684 2154 4737 18.
2211 4754 2224 4762 ‘

2327 3784 2400 3849 ni
2439 3786 2585 3866 jure
2631 3794 3006 3868 competat.
3104 3783 3438 3848 Pietatem
3487 3784 3718 3849 Sullae
3783 3788 3868 3851 in

2331 3883 2666 3946 Venerem
2696 3879 2856 3943 satis
2910 3881 2985 3944 in
3036 3881 3603 3967 praecedentibus
3669 3883 3870 3946 vidi-

2327 3994 2506 4043 mus.
2604 3976 2842 4063 Neque
2875 3977 3097 4042 minus
3131 3976 3366 4055 Sulla,
3420 3979 3881 4062 quamPom.

2331 4076 2567 4160 pejus,
2618 4073 2871 4143 annulo
2909 4073 3060 4138 usus
3102 4073 3192 4140 est
3267 4074 3486 4139 tribus
3538 4078 3880 4161 tropaeis

2330 4168 2661 4258 insignite.
2775 4169 3034 4237 Diserte
3105 4173 3285 4237 enim
3344 4172 3482 4237 Dio
3558 4172 3884 4257 loquens

2327 4267 2416 4337 de
2457 4268 2710 4337 annulo
2746 4267 3103 4356 Pompeiis
3150 4265 3214 4351 ⁸)
3265 4269 3658 4347 ἐνεκεγλυπτο
3695 4270 3766 4334 δε
3811 4272 3897 4337 ἐ»

2325 4358 2501 4445 &vrgo
2554 4385 3030 4451 τροπαιφτρια,
3087 4358 3284 4456 ὥσπερ
3336 4387 3442 4434 και
3507 4368 3567 4432 ἐν
3639 4388 3740 4448 τῳ
3799 4390 3891 4434 τε

3139 4606 3201 4672 d)
3236 4606 3413 4662 Andr.
3450 4608 3572 4662 Act.
3610 4610 3664 4665 1.
3706 4610 3792 4667 se.
3839 4631 3920 4683 5.
