4175 5450
243 2531 249 2538 ‚
375 2466 654 2528 nomine
691 2486 853 2550 gens
896 2487 1033 2532 una
1085 2469 1465 2554 eademque
1524 2468 1678 2533 fuit.

1599 620 2315 702 ANTES-TIA.

371 825 501 892 l'uis
539 825 799 913 perfide
846 828 1292 939 interemptus
1347 822 1438 889 est
1492 825 1895 906 Sertorius,

372 922 658 989 adfuiss'e
707 926 884 989 inter
922 927 1255 990 convivas
1289 922 1375 998 L
1417 923 1710 988 Fabium
1777 922 1895 986 Hi·

1976 837 2088 888 tus
2129 819 2447 910 quaestor
2476 819 2718 886 fumet.
2817 822 3045 889 Multa
3079 797 3282 893 offert
3329 828 3506 900 haee
3552 863 3557 868 ·

1977 939 2339 985 numerum
2359 918 2588 984 classis
2618 919 2948 985 obvoluta
2984 922 3303 1006 tenebris,
3328 948 3501 1011 quas

367 1019 783 1105 spaniensem
820 1021 1198 1086 senatorem
1238 1040 1326 1084 ex
1372 1020 1789 1107 proscriptis,
1828 1030 1897 1083 et
1978 1016 2168 1082 nulla
2238 1017 2588 1080 oculorum
2660 1017 2843 1081 acies
2903 1020 3266 1103 pervadat
3370 1022 3499 1090 Ca-

369 1116 831 1202 Tarquitium.
927 1118 1298 1182 Enimvero
1328 1117 1405 1181 hi
1436 1166 1457 1197 ,

368 1424 546 1469 mus.
648 1406 832 1472 Nam
868 1406 983 1472 etfi
1002 1405 1394 1486 statuamus,
1449 1406 1891 1472 recessionem

370 1520 417 1565 a
446 1501 781 1568 Romanis
820 1505 911 1569 ad
942 1504 1317 1571 Sertorium
1359 1502 1626 1583 feciss'e‚
1679 1501 1888 1566 Fabi-

370 1616 451 1659 us
500 1617 672 1662 unus
711 1620 798 1663 ex
831 1600 1221 1687 proscriptis
1265 1601 1400 1666 dici
1449 1620 1585 1666 non
1641 1597 1889 1686 potuis·

373 1690 491 1757 set.
591 1694 859 1759 Etenim
892 1695 936 1759 fi
978 1716 1129 1772 eum
1164 1697 1354 1762 Sulla
1400 1699 1467 1762 in
1497 1695 1767 1761 tabulas
1790 1714 1891 1759 re·

369 1788 613 1854 tuliss'et
643 1838 664 1873 ,
715 1812 1062 1879 nunquam
1103 1795 1336 1861 Annio
1382 1812 1657 1881 procos.
1697 1793 1891 1858 addi·

997 2009 1896 2210 ᾼΝΤΕΒΤΙᾸ

477 2270 764 2338 Gentem
798 2276 1142 2361 plebejam
1203 2291 1563 2364 utramque
1612 2284 1893 2363 conjun-

379 2387 509 2453 go,
564 2371 725 2453 quia
760 2371 944 2434 haud
989 2373 1195 2436 dubie
1263 2375 1566 2458 paullum
1619 2377 1893 2439 variato

368 2562 513 2643 jam
558 2561 920 2647 suspicatus
958 2562 1045 2626 est
1088 2564 1358 2629 Vrfinus
1405 2567 1603 2630 nixus
1665 2577 1896 2630 vetere

373 2656 854 2744 inscriptione,
907 2662 1068 2745 quin
1124 2672 1191 2726 et
1252 2661 1528 2751 Pighius
1597 2675 1665 2727 et
1707 2661 1896 2728 vail-

373 2753 644 2822 lantiuS.
761 2757 1288 2845 Havercampus
1359 2759 1608 2843 herum,
1645 2763 1897 2842 *conje-

375 2862 610 2915 cturae
644 2852 979 2941 repugnat
1013 2870 1417 2942 propterea,
1506 2859 1692 2943 quod
1758 2860 1898 2920 Au·

381 2944 546 3032 gusti
586 2960 811 3012 aetate
845 2948 1036 3015 fuere
1075 2964 1143 3017 et
1179 2950 1440 3017 Antistii
1475 2966 1544 3018 et
1576 2951 1894 3031 Antestii,

377 3043 653 3106 illorum
699 3043 895 3113 testes
945 3048 1208 3113 denarii
1243 3070 1395 3114 cum
1476 3051 1701 3138 capite
1758 3054 1896 3115 Au-

376 3135 582 3227 gusti,
655 3139 900 3206 horum
953 3144 1131 3208 testis
1193 3166 1436 3235 numus
1503 3146 1896 3234 Calagurris

377 3255 533 3300 cum
604 3239 906 3321 ejusdem
977 3243 1380 3328 imperantis
1435 3247 1686 3331 capite.
1789 3243 1892 3308 Cl.

379 3332 755 3414 odericus,
808 3337 927 3419 qui
969 3343 1269 3422 priorem
1308 3339 1710 3404 sententiam
1752 3352 1894 3403 tue·

378 3440 491 3491 tur
534 3429 605 3492 in
650 3432 920 3497 erudita
968 3435 1427 3499 differtatione
1454 3479 1474 3511 ,
1543 3454 1720 3516 quae
1778 3455 1901 3497 ex-

376 3519 503 3587 stat
531 3523 601 3585 in
649 3524 1174 3592 Tentaminibus
1209 3527 1750 3607 *Cortonenfibus
1794 3540 1899 3591 to·

380 3636 499 3682 mo
540 3618 727 3682 VIII.
754 3667 775 3699 ‚
829 3626 1122 3708 opponit
1171 3624 1660 3710 Havercampo
1690 3670 1711 3702 ,
1760 3643 1899 3688 non

382 3714 635 3805 debere
684 3716 1009 3783 confundi
1071 3718 1374 3785 familias
1449 3718 1899 3807 municipales

247 3878 266 3901 ἱ
382 3830 539 3875 oum
597 3809 883 3879 familiis
936 3815 1304 3896 Romanis,
1377 3817 1692 3906 quamvis
1737 3815 1901 3882 illae

384 3908 476 3973 ab
507 3907 615 3972 his
651 3911 985 3976 oriundae
1022 3913 1223 3979 ess'ent
1244 3937 1265 3988 3
1319 3917 1478 4001 quin
1520 3913 1668 3978 fieri
1705 3926 1904 4002 pote·

382 4004 530 4083 rat,
583 4016 660 4069 ut
693 4006 973 4072 Antestii
1005 4010 1305 4079 Romani
1335 4011 1399 4076 se
1446 4010 1650 4075 serius
1687 4030 1903 4076 voca·

384 4112 534 4165 rent
573 4101 931 4185 Aminios,
980 4124 1233 4172 nomen
1290 4121 1518 4174 autem
1554 4120 1751 4172 vetus
1799 4128 1903 4173 re-

385 4197 678 4262 tinerent
710 4200 1015 4288 Hispani.
1118 4201 1296 4269 Sane
1326 4204 1566 4270 Livius
1605 4202 1903 4271 constan-

389 4304 491 4385 ter
521 4308 735 4360 vocat
764 4296 1082 4364 Antistius
1117 4302 1329 4366 etiam
1367 4301 1563 4381 illos,
1618 4321 1906 4387 quorum

387 4378 632 4454 numos
669 4391 1191 4484 Havercampus
1263 4397 1574 4464 Antestiis
1648 4399 1906 4482 adjudi-

390 4498 526 4552 cat.
628 4486 810 4569 Quin
865 4490 979 4555 etfi
1059 4495 1343 4574 demus,
1392 4493 1581 4560 fuiss'e
1663 4514 1910 4562 revera

384 4579 729 4647 distinctos
778 4598 845 4648 et
879 4587 1211 4656 Antestios
1249 4604 1316 4655 et
1357 4589 1719 4676 Antistios,
1767 4612 1908 4657 non

388 4691 622 4744 tamen
663 4679 957 4766 sequitur
996 4682 1191 4752 fuiss'e
1235 4701 1466 4777 gentes
1510 4687 1851 4777 distinctas
1886 4736 1908 4771 ,

1512 1108 1624 1182 etfi
1657 1135 1894 1181 eorum
1978 1126 2106 1201 put
2137 1115 2408 1178 anticae
2456 1124 2738 1199 propter
2775 1111 3159 1180 adstitutam
3204 1118 3502 1204 plerum·
3590 1121 3599 1128 “

373 1213 801 1278 concordant
815 1215 1145 1295 nomina,
1194 1216 1248 1278 ii
1276 1213 1398 1301 ipsi
1433 1214 1559 1279 ess‘e
1576 1232 1714 1277 non
1748 1210 1893 1299 pos-

371 1308 519 1372 sunt
551 1356 572 1390 ,
627 1328 801 1392 quos
833 1309 941 1375 his
978 1312 1274 1376 denariis
1319 1309 1672 1398 inscriptos
1730 1309 1893 1395 legi·

1982 1230 2116 1294 que
2158 1209 2497 1274 bilancern
2553 1208 2670 1274 vel
2717 1211 3101 1297 Aequitatis
3167 1211 3258 1278 est
3279 1261 3302 1294 ,
3384 1218 3501 1286 vel

1975 1307 2331 1372 Monetae.
2725 1400 2756 1436 n

2073 1497 2437 1566 minvs,
2485 1452 2813 1564 ιλΜιΑ.
2848 1453 3157 1568 sfmvs.
3207 1503 3497 1575 mvsa.

1976 1601 2060 1662 A.
2112 1601 2194 1660 A.
2239 1602 2322 1664 A.
2366 1595 2444 1661 F.
2478 1596 2553 1663 F.
2616 1610 3085 1662 memorantur
3143 1600 3213 1663 in
3267 1605 3499 1670 aeneis
3608 1591 3615 1599 ’

1973 1689 2415 1857 ΙΙΙᾎὲιτῗᾳε
2451 1693 2830 1779 imperante
2863 1692 3156 1784 Augusto
3205 1699 3498 1788 [ignatis.

1994 2047 3099 2153 ANTISTIA.·‘

1971 2276 2085 2341 sed
2109 2277 2340 2363 potius
2378 2277 2550 2341 duas
2583 2227 2889 2340 familias
2917 2277 3219 2361 ejusdem
3255 2279 3500 2364 gentis,

1975 2374 2559 2456 quemadmodum
2595 2392 2757 2456 gens
2819 2392 2954 2438 una
3017 2373 3150 2438 fuit
3206 2373 3511 2442 Claudia

1976 2479 2047 2529 et
2079 2466 2384 2543 Clodia,
2436 2467 2712 2530 Plautia
2775 2478 2843 2528 et
2884 2469 3149 2553 Plotia,
3220 2470 3336 2533 etfi
3404 2472 3506 2535 di-

1977 2560 2214 2628 'versae
2251 2561 2506 2625 fuerint
2533 2561 2881 2640 familiae,
2933 2566 3215 2648 perinde
3271 2585 3353 2629 ac
3421 2585 3500 2629 ιι-

1979 2679 2144 2722 num
2176 2659 2494 2743 idemque
2536 2656 2826 2722 verbum
2860 2655 2994 2723 fuit
3021 2662 3248 2749 antesto
3285 2672 3353 2725 et
3382 2682 3506 2729 an-
3568 2715 3576 2723 .
3606 2727 3618 2741 .

1979 2758 2156 2846 tfio,
2210 2755 2324 2820 etfi
2352 2757 2653 2821 variaret
2681 2753 2903 2819 litera.
3006 2755 3213 2840 Quod
3241 2757 3285 2821 fi
3318 2771 3505 2827 utro·

1982 2873 2116 2940 que
2147 2853 2421 2917 nomine
2473 2871 2612 2916 una
2643 2860 2806 2936 gens
2861 2862 3185 2933 notatur,
3251 2866 3334 2918 ut
3382 2855 3504 2919 du·
3560 2929 3579 2949 .

1973 2949 2183 3014 bitari
2219 2950 2339 3014 vix
2397 2918 2653 3038 potest,
2718 2959 2979 3011 certum
3042 2946 3169 3035 est,
3251 2971 3506 3017 nomen

1977 3043 2319 3111 Antestiae
2350 3048 2483 3111 ess'e
2503 3040 2822 3111 vetustius
2859 3047 3133 3109 nomine
3149 3045 3503 3127 Antistiae,
3546 3084 3554 3093 ·

1975 3162 2139 3207 nam
2174 3140 2498 3227 posterius
2536 3139 2938 3229 praeferunt
2969 3146 3157 3207 numi
3189 3144 3305 3209 sub
3370 3154 3505 3210 Au-

1979 3236 2180 3336 gusto·
2214 3237 2486 3326 fignati,
2536 3240 2652 3303 sed
2688 3237 3025 3303 Antestiae
3059 3238 3307 3306 nomen
3346 3260 3503 3305 cum

1980 3321 2292 3420 denarii,
2344 3348 2487 3402 tum
2528 3335 2719 3400 numi
2747 3336 2986 3416 aenei,
3038 3338 3155 3421 qui
3192 3359 3278 3403 ex
3328 3350 3502 3425 typo

1981 3443 2048 3494 et
2095 3430 2372 3497 fabrica
2401 3431 2778 3496 remotiora
2813 3446 3107 3517 arguunt
3140 3447 3503 3524 tempora,

1979 3536 2056 3588 ut
2096 3527 2417 3594 continuo
2457 3528 2746 3616 patebit.

2729 3620 2761 3655 ff

2548 3673 2597 3709 ἤ·
2906 3669 2939 3705 ἤ

1975 3698 2319 3805 Antefi'ius

2274 3812 3154 3902 C.ANTEST1.Caput
3226 3817 3509 3886 Palladis

2267 3915 2590 4000 galeatum
2642 3912 2918 3991 alatum,
2954 3914 3161 3999 Juxta
3202 3916 3285 3982 X.

1984 4009 2277 4096 Dioscuri
2311 4014 2380 4077 in
2406 4015 2547 4079 citis
2579 4014 2793 4101 equis,
2859 4010 3040 4098 infra
3086 4013 3393 4093 ROMA,
3446 4022 3509 4078 et

1986 4108 2162 4172 canis
2195 4122 2492 4190 currens,
2524 4111 2642 4197 sed
2659 4111 2807 4197 jam
2845 4109 2914 4173 in
2954 4111 3165 4177 antica
3191 4160 3210 4192 ,
3245 4113 3391 4199 jam
3437 4114 3508 4177 in

1986 4203 2226 4292 aversa.
2325 4208 2469 4271 AR.
2525 4205 2609 4284 C
2724 4256 2729 4259 -

2282 4302 2489 4390 Caput
2523 4305 2697 4371 Iani.

1988 4398 2470 4468 -ANTESTL
2496 4402 2783 4468 ROMA.
2834 4406 3069 4486 Navis,
3099 4403 3304 4493 supra
3334 4405 3514 4469 canis

1986 4520 2268 4566 currens.
2368 4498 2513 4563 ΑΕ.
2559 4498 2612 4566 1.
2662 4500 2745 4563 R.

2089 4598 2370 4662 Praeter
2402 4614 2641 4659 canem
2678 4598 2896 4662 nihil
2878 4619 2944 4662 in
2987 4598 3096 4663 his
3155 4595 3517 4662 observatu

1991 4694 2297 4781 dignum.
2396 4692 2570 4756 Eum
2609 4684 3020 4760 Vaillantius
3061 4696 3152 4759 ad
3207 4695 3512 4768 Dianam
3571 4736 3577 4747 ·

3367 631 3614 723 '135'
