4175 5450
1155 587 1867 722 c‘ossvTIA.
1971 571 2758 712 caEPERmA
3345 579 3494 732 ..ᾖ

340 853 497 902 men
556 829 805 901 horum
884 828 1158 899 fabrica
1240 856 1645 919 numerum,
1695 840 1886 924 typi,
1971 837 2087 902 nia
2120 836 2164 900 fi
2200 837 2269 899 in
2306 834 2518 900 variis
2552 831 2660 897 his
2702 832 2922 898 numis
2960 839 3475 930 expendantur-3

326 931 679 1005 literarum
775 931 1005 1050 forma
1067 945 1138 998 et
1190 935 1479 1023 politio,
1529 936 1704 1003 haec
1743 954 1887 1001 om
1970 935 2178 1001 altius
2216 933 2405 998 haud
2440 928 2643 995 dubie
2681 949 2931 998 aevum
2964 937 3264 1022 exigunt.

1461 1213 2470 1298 coSSVTIA‘

439 1415 727 1485 Gentem
762 1414 957 1484 fuiss’e
1004 1415 1375 1505 equestrem
1412 1421 1743 1487 docemur
1778 1440 1865 1492 ex
1944 1428 2156 1487 vectus
2187 1415 2419 1507 hastam
2453 1420 2810 1507 intorquet,
2853 1419 2926 1485 m
2948 1435 3104 1487 area
3140 1421 3466 1490 variantes

340 1516 709 1598 Suetonio,
743 1521 802 1596 ³)
855 1518 1266 1603 cognomina
1294 1516 1364 1581 in
1400 1522 1660 1586 numia:
1712 1519 1864 1586 Ma·
1942 1526 2130 1583 notae
2166 1513 2617 1584 arithmeticae.
2718 1517 2864 1583 AR.
2918 1514 2996 1582 C.

337 1613 672 1698 medianae,
718 1624 792 1680 et
825 1611 1094 1680 Sabata.
1208 1653 1213 1658 -
2044 1613 2216 1679 Cum
2254 1614 2542 1678 Medusa
2591 1613 2718 1676 rite
2764 1615 3200 1700 componitur
3245 1617 3458 1703 Pega-

906 1759 944 1795 s
1263 1759 1298 1797 3
1941 1708 2089 1789 sus,
2144 1728 2345 1793 quem
2392 1731 2479 1775 ex
2514 1713 2656 1794 ejus
2702 1707 2929 1774 defluo
2963 1711 3280 1799 sanguine
3338 1733 3456 1777 na-

336 1805 776 1875 Maridr’unus.
1939 1817 2086 1869 tum
2121 1803 2475 1871 fabulatur
2510 1806 2859 1871 Hesiodus.
2916 1794 2982 1890 ¹³)
3057 1808 3456 1873 Existimant

439 1903 517 1968 C.
544 1897 1162 1981 MARIDIANVS,
1211 1904 1280 1967 in
1312 1900 1500 1969 aliis.-
1550 1899 1626 1967 C.
1660 1900 1857 1968 COS·
1941 1902 2229 1981 eruditi,
2281 1921 2435 1967 cum
2481 1902 2941 1986 Bellerophon
3001 1901 3078 1967 fit
3116 1902 3452 1968 Corinthi·

335 1997 1320 2066 SVTIVS.MAR1D1ANVS.
1371 2002 1455 2062 A.
1492 2000 1578 2062 A.
1637 2004 1722 2067 A.
1777 2001 1857 2069 F.
1939 2017 2136 2063 orum
2175 2010 2643 2084 argumentum
2682 2011 2941 2077 notum,
2994 1997 3286 2085 signatos
3322 1999 3452 2063 hos

312 2095 418 2160 ·F.
457 2118 593 2162 cum
643 2099 843 2181 capite
878 2097 940 2163 Ι.
978 2096 1314 2185 Caesaris
1287 2116 1357 2161 m
1410 2098 1640 2165 antica.
1937 2095 2257 2161 denarios
2295 2098 2496 2160 causa
2556 2093 2902 2175 Corinthi,
2971 2115 3179 2180 quam
3234 2099 3318 2166 V.
3370 2093 3456 2161 C.

435 2194 584 2257 AR.
640 2189 719 2255 C.
907 2215 917 2226 ·
1942 2213 2107 2275 7¹0·
2206 2191 2258 2256 1.
2305 2190 2555 2256 caesar
2601 2189 3078 2257 restituendam
3127 2192 3397 2260 curavit
3427 2240 3454 2275 ,

252 2355 261 2372 .
900 2335 935 2370 „
1079 2284 1113 2320 ¹*
1258 2334 1291 2374 ,
1940 2302 2011 2351 et
2058 2288 2403 2352 coloniam
2434 2287 2736 2354 deduxit.
2833 2291 3085 2354 Verum
3132 2310 3220 2353 an
3253 2289 3453 2374 hujus

332 2380 603 2451 Sabata.
1944 2384 2102 2446 aevi
2142 2384 2439 2446 denariis
2483 2383 2707 2447 adhuc
2739 2396 2947 2449 notae
2979 2385 3452 2450 arithmeticae

633 2475 1011 2544 SABVLA'.
1062 2473 1266 2560 Caput
1301 2473 1593 2563 Medusae
1651 2472 1862 2541 diade·
1942 2474 2213 2540 inscribi
2244 2475 2390 2539 sunt
2418 2478 2704 2540 solitae?
2775 2482 3093 2544 Aetatem
3130 2493 3312 2543 certe
3348 2501 3449 2543 re-

624 2584 862 2641 matum
908 2570 1149 2638 alatum
1182 2573 1580 2661 serpentibus
1646 2574 1861 2638 revin-
1946 2572 2313 2635 moti'orem
2344 2571 2462 2636 fibi
2501 2570 2872 2658 postulant,
2938 2588 3006 2640 et
3056 2577 3449 2663 ignoramus

626 2681 811 2740 ctum.
1942 2669 2214 2735 causam
2253 2667 2412 2749 lecti
2440 2670 2637 2758 hujus
2673 2671 2844 2759 typi.
2903 2717 2910 2722 -

336 2768 419 2834 L.
455 2764 864 2839 COSSVTI.
907 2764 986 2833 C.
1048 2765 1126 2835 F.
1161 2762 1569 2857 Beda-ephon
1616 2767 1860 2856 Pegaso

1338 3047 2546 3137 ‘GREPEREtAas

434 3251 619 3320 Gens
654 3250 971 3339 equestris
1002 3249 1163 3318 teste
1201 3246 1554 3325 Cicerone.
1573 3260 1629 3334 θ)
1682 3252 1854 3343 Cog-
1933 3257 2003 3319 in
2042 3250 2214 3340 bigis
2250 3252 2833 3341 hippocamporum,
2903 3258 2975 3322 in
3038 3273 3196 3321 area
3242 3250 3450 3320 eadent

340 3350 594 3418 nornen
621 3351 933 3415 innumis
965 3348 1195 3415 Rotas.
1261 3351 1372 3415 Sic
1395 3351 1650 3415 dictum
1670 3353 1854 3416 Vail·
1932 3350 2142 3428 litera,
2191 3356 2442 3436 quaein
2471 3356 2702 3417 antica.
2799 3353 2966 3416 Sunt
2987 3351 3241 3415 serrati.
3295 3350 3443 3413 BR.

332 3446 586 3509 lautius
619 3457 820 3527 putat
848 3464 1151 3527 arocca,
1203 3465 1381 3528 quac
1407 3464 1575 3523 vox,
1621 3456 1697 3506 ut
1731 3445 1861 3525 ait,¹
2031 3447 2105 3507 si
2158 3445 2359 3511 laxos
2411 3447 2875 3532 Havercampi
2929 3449 3001 3511 in
3055 3444 3449 3508 Motellium

329 3538 673 3624 Calepino
739 3538 934 3604 colum
992 3550 1215 3604 notat.
1330 3540 1710 3626 Amplexus
1765 3539 1855 3602 est
1934 3545 2465 3606 commentarios
2541 3541 2953 3627 pervolvens,
3037 3538 3443 3616 miraberis,
3525 3566 3536 3573 ·

332 3637 803 3718 conjecturam
850 3634 1413 3721 Havercampus,
1467 3645 1535 3698 et
1578 3651 1849 3720 promo·
1931 3634 2195 3721 inlignis
2229 3638 2452 3701 virum
2507 3637 2903 3703 eruditionis
2958 3634 3241 3723 potuiss‘e
3293 3644 3441 3695 tan·

330 3734 437 3797 vit
484 3730 734 3815 etiam,
781 3749 942 3794 nam
995 3731 1152 3795 inde
1192 3729 1486 3797 nostrum
1529 3732 1848 3817 Spinnro-
1929 3741 2073 3793 tum
2107 3730 2405 3795 tribuere
2453 3734 2854 3813 conjecturis
2873 3744 3005 3798 aut
3036 3729 3222 3794 nullo
3263 3728 3443 3793 nixis

330 3826 475 3895 chen
504 3840 780 3891 enatum
815 3827 1182 3904 contendit,
1234 3847 1440 3912 quam
1472 3847 1673 3893 rarae
1703 3847 1847 3892 eru·
1921 3824 2411 3907 funflamento,
2463 3839 2582 3890 aut
2633 3847 2800 3912 quas
2844 3826 3219 3895 levissimus
3258 3824 3437 3889 hali-

335 3923 617 3990 ditionis
648 3923 1031 3990 doctrinam
1063 3920 1301 4011 fugere
1348 3922 1674 3990 lectorem
1724 3943 1845 3988 no·
1921 3936 2031 3987 tus
2071 3921 2279 3988 facile
2319 3921 2562 3988 difflet.
2677 3925 3018 4004 Adverte,
3096 3942 3271 4008 quae
3341 3921 3435 3985 ad

332 4017 455 4091 lui.
1918 4020 2054 4084 hos
2107 4018 2426 4105 Creperei
2464 4040 2707 4085 numos
2760 4022 2990 4087 dictet.
3088 4018 3434 4084 Denarius
3567 4016 3572 4025 '

624 4117 924 4184 Protome
973 4112 1291 4181 mullebris
1355 4111 1602 4203 obverso
1659 4125 1844 4199 tergo
1920 4116 2388 4202 praecedentis
2445 4114 2730 4181 Coss'utii
2793 4117 3089 4183 Sabulae
3148 4128 3430 4202 propter

624 4212 826 4296 affluo
868 4216 939 4276 in
988 4208 1139 4277 illud
1176 4211 1474 4299 caesarie,
1558 4213 1628 4275 in
1689 4230 1844 4276 area
1918 4224 2163 4298 typum
2198 4211 2742 4296 Bellerophontis
2793 4227 2972 4277 certe
3027 4212 3431 4277 Corinthum

620 4306 809 4373 litera
866 4296 1216 4395 alphabeti,
1266 4317 1330 4373 et
1408 4308 1846 4397 variantiasi-
1918 4308 2207 4394 respicit.
2299 4309 2518 4393 Atqui
2562 4308 3001 4394 etNeptunus
3033 4309 3433 4396 hippocam

620 4404 798 4489 gissa.
1918 4405 2028 4491 pis
2059 4415 2296 4469 vectus
2357 4391 2573 4467 existit
2621 4406 2691 4468 in
2745 4418 3020 4470 moneta
3066 4403 3432 4483 Corinthi,

322 4497 420 4583 Q.
466 4496 836 4566 CREPER.
881 4500 983 4567 M.
1040 4500 1117 4566 F.
1154 4498 1471 4567 ROCVS.
1513 4503 1845 4588 Neptunus
1922 4521 2082 4588 ergo
2116 4513 2183 4565 et
2220 4501 2293 4565 hi
2326 4497 2664 4586 Crepereji
2703 4501 2970 4566 denarii
3009 4501 3291 4565 eandem
3319 4521 3430 4565 co·

403 4710 463 4780 a)
500 4709 559 4762 in
592 4706 736 4763 lulio
770 4724 817 4764 c.
856 4726 905 4765 ι.
1098 4710 1161 4781 b)
1193 4709 1413 4784 Theog.
1448 4729 1506 4776 v.
1543 4719 1662 4775 πο.
1852 4710 1911 4781 ο)
1946 4708 2007 4761 in
2040 4708 2201 4777 Vei-r,
2235 4710 2302 4768 1..
2334 4711 2386 4777 1,
2421 4728 2471 4776 c.
2518 4728 2600 4767 xo.
2670 4708 2676 4713 ’
