4175 5450
1238 598 1599 676 NVMI
1645 546 1663 587 ²
1710 550 2658 703 coNvaAREs.

359 821 562 870 nemo
600 801 1003 888 scriptorum
1035 809 1373 879 veterum,
1426 808 1585 865 cum
1613 804 1751 888 ejus
1776 821 1885 866 ae-

358 898 527 966 tatis
556 898 667 965 res
699 897 910 987 gestas
947 895 1156 962 refert
1181 944 1201 976 ‚
1287 899 1474 962 numi
1514 899 1707 963 aurei
1747 900 1884 962 Ro·

355 1000 545 1063 mani
577 996 933 1061 meminit?
985 1014 1376 1081 quanquam
1413 995 1524 1059 etsi
1563 999 1705 1079 ejus
1761 995 1886 1059 ali·

358 1097 546 1185 quod
584 1092 872 1158 exstaret
911 1089 1361 1158 testimonium
1388 1140 1406 1172 ,
1458 1088 1627 1173 istud
1691 1093 1886 1157 aliud

252 1204 273 1215 ⁶
352 1214 493 1259 non
525 1190 893 1278 probaret,‘
931 1209 1135 1275 quam
1172 1203 1524 1254 auctorem
1559 1193 1882 1277 προληπτι·

356 1311 487 1370 κως
520 1289 709 1374 loqui
746 1288 1076 1373 potuisse,
1131 1299 1199 1350 et
1242 1299 1385 1351 tum
1433 1288 1881 1351 unum'valo·

354 1407 500 1451 rem
535 1384 851 1472 spectasse
882 1430 902 1461 ‚
953 1360 1146 1448 velut
1170 1383 1536 1466 Dionysius
1568 1384 1884 1448 Halicar-

350 1482 666 1571 nass'enfis
715 1483 800 1544 de
845 1481 1118 1545 collatis
1151 1479 1267 1544 sub
1324 1481 1706 1567 Tarquinio
1762 1481 1881 1545 Su·

356 1578 574 1668 perbo
615 1578 873 1643 vititim
940 1578 1178 1642 decem
1228 1578 1576 1643 drachmis
1648 1579 1884 1642 memi-

360 1680 497 1760 nit,
550 1673 613 1758 .²)
666 1686 736 1738 et
793 1695 828 1737 e
894 1673 1222 1740 converso
1288 1673 1497 1739 refert
1571 1673 1882 1759 Seneca,

359 1771 843 1859 philosophum
884 1770 1217 1856 Cynicum
1250 1771 1340 1837 ab
1388 1772 1736 1858 Antigono
1799 1775 1882 1837 A·

249 1885 274 1910 ⁴
356 1869 488 1935 fiae
521 1890 677 1956 rege
717 1868 977 1954 petiiss'e
1020 1870 1375 1934 denarium
1405 1916 1427 1948 ‚
1475 1857 1545 1949 l’)
1598 1881 1667 1932 et
1719 1867 1884 1933 Cur-

274 1990 281 2001 ·
362 1969 524 2047 tius,
550 1965 610 2047 ⁰)
670 1967 1131 2031 Alexandrum
1154 1968 1255 2032 M.
1291 1967 1558 2054 singulis
1580 1968 1881 2054 captivis

357 2063 640 2130 Graecis
685 2075 882 2151 terna
921 2064 1139 2128 millia
1178 2065 1530 2130 denarium
1561 2064 1716 2127 dari
1756 2063 1882 2148 jus-

359 2158 534 2238 mre,
586 2173 655 2225 et
693 2159 862 2223 alibi
924 2160 1191 2248 singulis
1255 2161 1748 2247 quinquaginta
1792 2159 1882 2225 se·

365 2256 626 2336 Bestia,
680 2249 747 2337 ὅ)
798 2277 935 2340 quo
970 2271 1280 2345 tempore
1314 2278 1533 2343 neque
1573 2258 1882 2336 denarii,

364 2351 721 2418 sestertiive
767 2351 1112 2431 exstitere,
1160 2374 1379 2439 neque
1424 2354 1468 2416 si
1501 2358 1649 2436 jam
1690 2353 1927 2438 exsti-J

363 2450 622 2529 tiss'ent',
678 2450 889 2531 agniti
945 2468 1070 2534 per
1137 2448 1364 2512 Asiam
1424 2446 1731 2527 fuissent,
1814 2460 1889 2512 at

358 2545 806 2622 Plutarchus,
861 2546 977 2630 qui
1015 2544 1203 2609 idem
1250 2543 1641 2631 philosophi
1683 2541 1885 2628 Cyni·

350 2645 423 2709 ‚ci
468 2641 727 2726 sactum
767 2640 1025 2720 refert,
1076 2642 1318 2706 diserte
1376 2657 1646 2723 etvere
1691 2640 1882 2729 δραχ-

346 2761 479 2826 ‚pqr
522 2741 745 2826 dixit„
772 2737 832 2822 e)
934 2740 1156 2804 Simili
1197 2742 1407 2806 modo
1442 2760 1598 2805 cum
1648 2751 1881 2802 aucto·

364 2858 470 2904 res
502 2850 809 2924 veteres,
863 2838 981 2923 qui
1024 2837 1221 2922 saepe
1269 2837 1335 2901 in
1371 2831 1506 2903 hac
1535 2836 1735 2903 causa
1763 2854 1884 2920 pa-

360 2956 512 3026 tum
540 2934 746 3002 ,fuere
782 2926 1059 3020 ἐκριξεις,
1085 2953 1368 3009 auream
1393 2935 1709 2999 videntur
1739 2949 1884 2996 mo·

202 3031 207 3044 “
267 3039 283 3054 ’
366 3044 599 3096 netam
634 3032 965 3109 indicare,
995 3031 1276 3112 dubium
1312 3052 1449 3097 non
1487 3029 1599 3112 est,
1628 3042 1748 3095 aut
1770 3048 1885 3093 au·

359 3145 511 3194 rum
545 3129 737 3207 rude,
775 3140 894 3192 aut
929 3125 1251 3213 lignatum
1296 3130 1722 3216 peregrinum
1762 3125 1890 3190 else

357 3227 895 3312 intelligendum.
997 3225 1108 3290 Sic
1142 3243 1297 3291 cum
1344 3238 1578 3292 narrat
1622 3224 1885 3310 Appia-

362 3345 512 3400 ους,
531 3312 585 3405 f)
606 3321 968 3387 Camillum
989 3323 1398 3410 captisVejis
1412 3321 1784 3387 conflatum
1804 3340 1888 3382 ex

252 3503 259 3510 ἱ
361 3421 720 3508 pecuniaa
745 3421 1078 3483 Romanis
1092 3419 1351 3484 collata
1374 3413 1527 3504 (ἀπο
1560 3412 1890 3502 τωνδεῗτων

354 3523 728 3599 xpvypcoerwv)
751 3535 1028 3579 aureum
1050 3519 1382 3580 crate‘rem
1396 3513 1686 3598 Delphis
1705 3512 1890 3578 dedi-

375 3613 573 3687 casse,
611 3623 865 3674 certum
910 3611 1064 3675 sane
1107 3609 1197 3675 est
1222 3657 1244 3688 ,
1298 3630 1453 3673 eum
1495 3621 1616 3674 aut
1646 3606 1889 3672 falsum

366 3708 627 3784 dixisse,
648 3718 769 3770 aut
797 3709 1069 3771 nornine
1090 3724 1428 3792 χρηματων
1449 3703 1694 3770 aurum
1723 3705 1889 3767 rude

368 3805 650 3868 voluiss'e
681 3804 985 3891 intelligi.
1090 3804 1295 3890 Capti
1328 3805 1479 3889 VeJ'i
1498 3807 1584 3870 V.
1626 3799 1701 3866 C.
1714 3823 1763 3885 3
1769 3811 1893 3884 58,

365 3916 439 3969 at
472 3902 836 3968 secundum
884 3900 1198 3965 disertum
1262 3901 1467 3965 Plinii
1529 3897 1897 3964 testimoni-

365 4021 525 4078 um,
579 4018 714 4085 quo
762 4017 899 4062 uno
952 4000 1254 4063 maxime
1299 4000 1602 4063 nituntur
1656 4015 1891 4060 mone-

362 4110 478 4162 tae
532 4116 784 4161 aureae
821 4097 1139 4182 patroni,
1193 4115 1434 4159 aurum
1475 4096 1742 4158 Romae
1818 4090 1893 4154 fi-

362 4194 559 4282 gnari
598 4204 919 4278 coeptum
989 4196 1074 4259 V.
1148 4191 1223 4256 C.
1298 4206 1465 4280 547.
1571 4189 1893 4256 Curatius

360 4289 771 4356 Plutarchus
794 4337 815 4370 ,
869 4290 984 4376 qui
1020 4290 1205 4354 idem
1246 4288 1507 4355 factum
1538 4285 1892 4378 perhibet,

3419 629 3515 700 39

1977 822 2116 867 non
2152 820 2487 885 χρηματα,
2540 801 2650 887 sed
2676 817 2905 885 κσσμον
2931 817 3280 889 γυναικων,
3329 784 3505 875 mun-⁴

1975 900 2123 968 dum
2147 898 2500 964 muliebrem
2532 899 2604 963 in
2636 900 2826 963 aurei
2852 904 3133 965 crateris
3164 901 3504 977 fabricam

1976 996 2303 1061 collatum
2336 995 2600 1059 adserit.
2653 991 2717 1078 ⁸)
2818 995 3188 1069 Enimvero
3227 1002 3437 1067 video
3471 1028 3505 1083 ,‘

1972 1095 2328 1157 Romanos
2387 1095 2583 1173 juxta
2643 1104 2960 1157 auctores
3021 1108 3329 1177 veteres,
3415 1119 3514 1165 ae

1972 1189 2344 1276 praecipue
2400 1188 2720 1268 Livium,
2794 1191 2984 1274 qu‘us
3045 1189 3506 1272 testimonium

1969 1288 2043 1351 iu
2080 1287 2215 1350 hac
2260 1286 2461 1351 causa
2533 1286 2848 1386 omnibus
2909 1285 3247 1373 praestat,
3342 1304 3500 1356 ante

1973 1383 2315 1469 epoclram
2356 1384 2784 1463 Plinianam,
2836 1384 2946 1449 seu
2979 1388 3062 1451 V.
3114 1384 3193 1451 C.
3251 1400 3395 1473 547
3431 1392 3502 1454 in
3601 1464 3612 1475 .

1971 1480 2354 1567 sumptibus
2417 1478 2760 1546 faciendis
2813 1500 2985 1547 auro
3041 1483 3340 1568 adpenso
3415 1486 3500 1551 fic

1971 1579 2173 1659 usos,
2226 1589 2299 1641 ut
2334 1591 2716 1649 numerato.
2819 1578 2978 1663 Quo
3027 1592 3238 1667 pacto
3299 1579 3503 1668 Capi·

1971 1676 2219 1741 tolium
2274 1696 2318 1739 a
2362 1671 2582 1739 Gallis
2653 1676 3110 1758 redemerint,
3201 1679 3504 1765 adpenso

1972 1793 2220 1858 nempe
2254 1790 2469 1849 auro,
2519 1773 2730 1859 vulgo
2769 1785 3028 1838 notum.
3129 1777 3217 1841 V.
3241 1774 3316 1839 C.
3353 1788 3503 1859 544

1971 1881 2322 1957 premente
2404 1869 2793 1934 Hannibale
2824 1917 2846 1949 ‚
2897 1881 2966 1936 et
3030 1870 3506 1937 succumbente

1974 1966 2246 2032 aerario
2297 1985 2533 2030 aurum
2577 1964 2840 2035 factum
2874 1988 2918 2031 a
2950 1967 3372 2035 senatoribus
3423 1968 3501 2033 li·
3611 1972 3646 2045 ᾗ

1971 2063 2295 2149 beraliter
2331 2060 2464 2133 fuit
2498 2064 2565 2125 in
2595 2063 2897 2152 sumptus
2919 2063 3093 2128 -belli
3128 2061 3451 2130 collatum
3479 2112 3514 2151 5

1974 2180 2175 2248 quem
2212 2160 2396 2225 Livii
2441 2161 2672 2224 locum
2707 2183 2883 2228 mox
2902 2162 3322 2228 enucleatius
3344 2184 3502 2250 pro·

1970 2278 2254 2346 ponam.
2356 2260 2555 2321 Anno
2574 2256 2742 2345 post,
2766 2254 2876 2324 seu
2899 2261 2984 2323 V.
3005 2258 3086 2328 C.
3105 2273 3256 2344 545
3279 2262 3505 2347 magis

1973 2365 2325 2440 premente
2367 2355 2699 2438 pecuniae
2717 2356 3018 2443 penuria
3053 2378 3283 2423 aarum
3308 2360 3505 2447 0³⁶?st-

1971 2453 2269 2525 marium‚
2298 2449 2466 2534 quod
2483 2450 2866 2537 instructiore
2878 2456 3136 2519 aerario
3155 2455 3245 2520 ad
3253 2455 3506 2521 ultimos

1973 2545 2147 2633 casus
2191 2544 2601 2626 servabatur,
2624 2551 2838 2633 promi
2874 2541 3218 2634 placuit.¹’)
3269 2551 3505 2616 Facile
3543 2604 3552 2613 .

1978 2661 2169 2727 erge,
2194 2640 2380 2728 quod
2405 2643 2737 2728 pecuniae
2763 2645 2986 2709 vicem
3007 2642 3359 2731 praestitit,
3384 2668 3499 2733 pe-

1976 2740 2180 2804 cunia
2209 2739 2355 2802 dici
2391 2739 2614 2825 potuit
2646 2739 3030 2828 etiam.post
3047 2751 3337 2828 tempus,
3362 2764 3500 2829 quo

1977 2857 2220 2902 aurum
2242 2834 2486 2924 signari
2504 2849 2823 2922 coeptum
2859 2836 3086 2903 statuit
3117 2838 3404 2904 Plinius,

2076 2931 2338 3016 Quaeri
2376 2933 2672 3020 denique
2702 2933 2958 3023 potest,
3011 2956 3131 3001 cur
3174 2957 3261 3001 ne
3294 2957 3505 3002 unum

1978 3030 2256 3116 quidem
2277 3027 2662 3097 habeamus
2696 3031 3117 3100 consularem
3137 3053 3421 3100 aureum
3459 3056 3508 3099 a

1980 3127 2289 3220 TraJano
2320 3124 2737 3209 restitutum,
2780 3133 3112 3217 quando,
3143 3152 3281 3196 non
3336 3152 3511 3219 pau.

1981 3243 2101 3290 cos
2143 3225 2627 3310 imperatorios
2679 3247 2927 3292 aureos
2971 3225 3064 3292 ab
3111 3230 3356 3296 eodem
3403 3250 3509 3293 re-

1983 3319 2241 3386 stitutos
2279 3320 2614 3386 habemus
2640 3369 2665 3401 ,
2718 3326 2832 3409 qui
2870 3336 3100 3389 tamen
3131 3326 3202 3389 in
3242 3325 3512 3391 restitu-

1984 3420 2177 3483 endis
2205 3420 2426 3482 numis
2463 3439 2600 3483 non
2632 3431 2961 3507 typorum
2996 3423 3207 3486 modo
3228 3470 3249 3501 ,
3299 3423 3412 3490 sed
3437 3437 3507 3487 et

1981 3515 2244 3579 metalli
2282 3516 2620 3579 rationem
2657 3514 2951 3581 habuit?
2998 3518 3104 3581 Ex
3147 3537 3284 3603 quo
3328 3518 3525 3584 subit·

1979 3610 2335 3695 suspicari,
2392 3611 2636 3674 eodem
2678 3624 2989 3698 tempore
3015 3660 3036 3691 ‚
3090 3633 3227 3698 quo
3250 3616 3304 3680 Ι.
3334 3613 3507 3680 Cae·

1985 3705 2113 3770 sari
2145 3705 2361 3769 multa
2398 3706 2632 3772 delata
2666 3708 2813 3771 sunt
2856 3711 3014 3791 jura
3042 3758 3063 3789 ,
3154 3710 3380 3775 eidem
3438 3725 3556 3780 et·-

1982 3802 2055 3864 in
2096 3821 2338 3865 aurum
2371 3801 2519 3889 lege
2562 3805 2915 3869 ordinaria
2965 3804 3353 3882 feriundum
3400 3810 3532 3892 jus.

1982 3898 2368 3985 permissum
2392 3947 2411 3978 ,
2479 3902 2669 3986 quod
2726 3903 2972 3967 deinde
3019 3925 3143 3990 per
3201 3908 3339 3987 ejus
3394 3925 3510 3970 ae-

1980 3996 2146 4061 tatis
2180 3995 2525 4060 licentiam
2565 4010 2899 4066 retentum
2934 3997 3066 4066 fuit
3088 4001 3177 4066 ab
3211 4001 3298 4067 iis
3320 4048 3339 4081 ‚
3392 4002 3514 4089 qui

1981 4094 2301 4181 proxime
2396 4093 2753 4161 suceess’ere
2785 4145 2806 4177 ,
2877 4097 3033 4164 Sex.
3120 4101 3451 4186 Pompeio
3485 4150 3510 4184 ,
3542 4135 3546 4142 ·
3597 4111 3604 4120 '

1983 4191 2237 4274 Bruto,
2290 4190 2604 4270 IIIviris,
2657 4194 2983 4283 aliisque,
3035 4215 3296 4282 paucos
3336 4217 3510 4263 vero

1986 4306 2107 4352 eos
2143 4307 2431 4368 aureos,
2483 4309 2657 4376 quos
2697 4294 2845 4374 iure
2896 4294 3078 4358 inter
3123 4292 3512 4362 consulares

438 4544 495 4609 a)
532 4542 599 4602 L,
635 4541 737 4593 IV.
774 4561 820 4596 c.
858 4554 948 4611 43.

370 4611 426 4676 e)
460 4609 874 4694 Apophthegm.
912 4629 974 4683 p.
1017 4622 1139 4677 182,

369 4697 500 4738 acre
535 4679 723 4734 aheno
757 4699 818 4753 p.
856 4690 979 4746 828.

1152 4519 1211 4608 b)
1251 4539 1322 4595 de
1359 4539 1604 4601 Benefle,
1639 4539 1706 4593 L.
1743 4540 1821 4597 11.
1858 4557 1904 4594 c.
1946 4560 1968 4594 ι

1368 4610 1412 4677 f)
1448 4610 1519 4663 de
1555 4608 1673 4670 reb.
1714 4609 1843 4669 Ital.
1880 4609 1971 4663 Vo

1169 4676 1230 4744 h)
1265 4677 1394 4741 Liv.
1429 4680 1499 4738 L.
1534 4679 1785 4735 XXVII.
1822 4695 1868 4733 c.
1912 4696 1994 4735 ιο.
2055 4751 2060 4755 ¹

2260 4542 2318 4599 e)
2345 4541 2414 4596 L.
2453 4543 2533 4598 V.
2569 4528 2729 4613 c.‘5.¹

1974 4559 2026 4662 ἶ.
2862 4599 2868 4604 ,
2971 4543 3029 4613 d)
3068 4547 3133 4599 L.
3173 4548 3332 4600 vm.
3370 4565 3418 4604 ο.
3456 4551 3511 4603 6.

1998 4648 2014 4664 .
2050 4611 2099 4664 Ι.
2135 4625 2194 4681 p.
2225 4620 2321 4681 38.
2360 4610 2492 4667 edit.
2526 4611 2841 4685 Schweigh.

3069 4619 3125 4688 g)
3162 4614 3235 4671 de
3270 4615 3503 4674 vitando
