4175 5450
673 634 812 702 106

662 825 742 894 lii
777 828 1012 914 hujuS,
1067 828 1254 914 quod
1282 845 1457 894 nunc
1491 829 1561 896 in
1591 827 1820 895 museo
1861 830 1927 896 S.
1962 829 2181 895 Flori-

665 928 780 991 ani
814 924 1118 1004 Austriae
1178 927 1537 1014 superioris
1597 927 2035 1006 adservatur,
2106 925 2181 989 fi-

664 1023 822 1088 dem
861 1024 1188 1088 haberem
1223 1025 1686 1111 exploratam.
1782 1023 2031 1108 Ajebat
2072 1023 2183 1087 vir

643 1117 831 1184 'attis
869 1119 1132 1185 nostrae
1165 1121 1606 1206 peritissimus
1632 1170 1652 1201 ‚
1705 1123 1820 1207 qui
1859 1141 2015 1186 meo
2070 1139 2182 1183 ro·

643 1209 826 1306 1διιιιι
859 1238 1135 1282 ιιιιιιιιιιιι
1169 1218 1457 1304 inspexit
1482 1268 1503 1299 ,
1561 1221 1630 1281 in
1659 1219 1875 1305 partis
1909 1216 2184 1282 aversae

690 1315 992 1400 criptura
1077 1314 1422 1380 observari
1505 1313 1861 1380 manifesta
1919 1313 2189 1379 admoti

645 1401 963 1496 'scalpelli
1010 1409 1330 1498 vestigia,
1425 1410 1926 1499 inscriptionem
2013 1430 2184 1475 vero

659 1521 798 1575 non
833 1507 961 1572 else
1001 1508 1250 1585 talem,
1308 1510 1582 1594 qualem
1640 1510 1949 1596 prodidit
2019 1504 2185 1571 Bal-

659 1597 903 1683 dinus,
973 1605 1131 1670 sed:
1214 1605 1402 1694 IMP.
1483 1606 1574 1670 D.
1657 1606 1900 1673 VESP.
1973 1601 2182 1671 AVG.

658 1700 915 1766 REST.
943 1749 965 1780 ‚
1018 1719 1192 1787 quae
1247 1704 1424 1767 adeo
1496 1702 1727 1790 suapte
1792 1704 2185 1790 imperitum

555 1795 564 1806 '
658 1796 1013 1863 falsarium
1045 1801 1303 1884 arguit;
1356 1820 1575 1886 neque
1621 1801 1800 1864 enim
1839 1800 2183 1864 Domitia-

661 1914 787 1972 nus
850 1915 1149 1980 unquam
1209 1895 1597 1982 Vespasiani
1675 1915 1927 1961 nomen
2009 1896 2183 1963 tulit.

659 1994 840 2079 Ergo
883 1992 1211 2056 Baldinus
1253 1992 1522 2059 literam
1581 1993 1661 2057 F.
1718 1990 1865 2080 post
1903 1989 2118 2056 AVG.
2158 2039 2179 2071 ‚

660 2108 798 2175 quo
836 2083 1079 2154 vitium
1109 2089 1414 2166 velaret,
1482 2089 1664 2153 ultro
1735 2087 2036 2169 intrusit,
2109 2100 2185 2154 ut

647 2186 873 2253 'sensus
917 2185 1030 2250 fit:
1080 2186 1492 2253 Domitianus
1532 2186 1952 2276 VESPaJiaaeu'
1966 2183 2195 2250 AVG.

610 2285 887 2353 .Fctius.
986 2283 1120 2347 Sed
1188 2305 1405 2369 neque
1462 2283 1548 2347 sic
1638 2283 1901 2347 sublata
1961 2283 2183 2348 omnis

533 2366 555 2400 Ἰ
643 2384 890 2468 ·culpa.
991 2378 1379 2466 Vespalia'ni
1432 2381 1609 2444 enim
1652 2381 1913 2444 nomini
1950 2380 2185 2468 appel·

535 2490 542 2572 J
663 2480 834 2543 latio
878 2479 1011 2543 divi
1042 2476 1479 2563 praefigenda
1513 2475 1762 2547 fuerat.
1865 2477 2046 2541 Satis
2066 2478 2188 2562 ig1

652 2575 774 2641 'tur
806 2574 1093 2657 causae,
1146 2592 1264 2636 cur
1299 2594 1503 2638 numo
1543 2574 1729 2650 huic,
1781 2565 1895 2659 qui
1942 2576 2201 2638 ceteris

663 2671 974 2761 partibus
1020 2689 1176 2735 vere
1219 2672 1536 2765 antiquus
1599 2672 1917 2753 videtur,
1984 2671 2233 2741 fidem,

659 2768 1106 2863 abrogemus.

1132 2959 1714 3053 Animadverfivms

818 3160 887 3222 in
937 3153 1270 3267 descriptos
1312 3155 1762 3244 restitutionum
1807 3171 2054 3225 numos·

770 3350 1091 3423 Eruditus
1153 3349 1328 3415 baro
1370 3348 1733 3413 Bimardus
1793 3347 1879 3413 fic
1943 3349 2028 3415 de
2075 3348 2198 3417 isto

672 3467 1034 3514 numorum
1067 3468 1311 3536 genere
1337 3447 1620 3529 judicat.
1671 3443 1740 3529 ὃ)
1841 3446 2201 3540 Restituta,

609 3587 628 3599 ·
676 3545 816 3624 ait,
868 3545 1297 3631 appellamus
1327 3563 1569 3608 numos
1608 3554 1752 3607 tam
1787 3544 2198 3629 consulares,

680 3662 889 3728 quam
951 3642 1470 3728 imperatorios,
1542 3641 1614 3702 in
1687 3640 1929 3725 quibus
2004 3641 2231 3729 supra·

677 3742 1109 3827 primaevum
1143 3752 1412 3829 typum,
1466 3750 1535 3801 et
1554 3736 2058 3821 inscriptionem
2080 3741 2200 3806 ob·

676 3836 1023 3901 servamus
1073 3855 1323 3899 nomen
1359 3837 1502 3916 ejus
1547 3835 2028 3920 imperatoris,
2081 3838 2200 3921 qui

682 3940 804 3998 eos
870 3931 1158 3998 secundo
1242 3930 1472 4011 feriit,
1523 3933 1762 3997 addito
1854 3932 2201 3998 vocabulo

681 4030 945 4095 REST.
1041 4029 1198 4094 Non
1254 4031 1458 4116 igitur
1528 4047 1772 4094 numos
1864 4027 2202 4093 restitutos

685 4128 963 4213 proprie
1003 4129 1140 4193 dici
1187 4127 1378 4214 -poss'e
1416 4139 1536 4192 aut
1575 4127 1775 4204 illos,
1837 4126 1909 4189 in
1958 4124 2204 4210 quibus

610 4257 616 4263 ·
688 4220 1036 4289 Gallienus
1122 4223 1675 4311 praecedentium
1756 4219 2207 4307 Augustorum

689 4321 1228 4386 consecrationes
1273 4317 1593 4399 restituit,
1663 4329 1785 4384 aut
1851 4317 2048 4396 illos,
2137 4318 2209 4382 in

690 4408 1297 4505 quibus‘Augustus
1329 4462 1350 4496 ‚
1416 4414 1780 4492 Tiberius,
1824 4412 2211 4500 ‚Caligula,

693 4514 1058 4595 Claudius,
1109 4516 1292 4579 Nero
1381 4513 1615 4598 capita
1708 4512 1761 4575 1.
1864 4510 2212 4592 Caesaris,

753 4727 823 4790 ἰ)
863 4725 939 4779 ad
972 4717 1175 4781 lobert.
1210 4724 1282 4776 T·
1324 4725 1374 4785 Ι.
1410 4739 1473 4792 Ρ.
1510 4734 1632 4793 285.

1725 589 2772 706 PROLEGOMENA

2265 827 2586 916 Augusti,
2637 830 2920 909 Liviae,
2973 829 3320 916 Agrippae
3366 840 3496 896 etc.
3523 835 3795 923 expret-

2270 926 2452 1006 sere,
2506 928 2671 1012 quia
2701 929 2772 991 in
2817 928 2921 991 his
2961 929 3270 993 revocati
3300 948 3438 993 non
3471 929 3612 996 sunt
3674 952 3793 999 ve·

2270 1034 2449 1087 teres
2486 1027 2682 1110 typi,
2734 1024 2846 1088 sed
2879 1026 3065 1089 numi
3110 1024 3255 1089 s-unt
3308 1025 3511 1111 plane
3577 1031 3793 1112 novi,
3832 1049 3839 1055 ·

2272 1119 2382 1184 seu
2422 1133 2665 1207 typum
2700 1122 2958 1207 spectes
2982 1169 3001 1200 ‚
3052 1121 3164 1185 seu
3205 1125 3583 1189 matricem.
3680 1128 3792 1191 Bi-

2274 1219 2519 1282 mardo
2570 1219 2642 1281 in
2676 1218 3027 1304 praesente
3061 1217 3264 1312 causa
3297 1239 3454 1283 cum
3514 1242 3796 1307 praece·

2275 1314 2591 1378 dentibus
2623 1315 3027 1400 antiquariis
3082 1314 3228 1379 fere
3298 1320 3660 1397 convenit,
3713 1313 3823 1383 lic'·

2275 1421 2351 1473 ut
2381 1413 2639 1476 necesse
2684 1432 2824 1476 non
2852 1411 2967 1491 fit,
2983 1411 3312 1478 aliorum
3357 1433 3630 1500 quoque
3661 1413 3803 1483 sen·

2271 1509 2501 1573 tentiis
2539 1508 3160 1600 commemorandis
3198 1509 3572 1579 immorari.

2372 1607 2532 1671 Non
2565 1606 2822 1671 adrifit-
2833 1593 3029 1670 vetus
3072 1605 3246 1670 haec
3295 1609 3533 1694 opinio
3577 1612 3807 1677 erudi·

2271 1714 2347 1767 to
2382 1701 2447 1767 le
2480 1705 2696 1769 Beau.
2795 1703 2978 1767 Nam
3030 1703 3085 1768 1.
3127 1702 3425 1782 nullum,
3477 1706 3619 1785 ait,
3694 1728 3808 1772 re-

2272 1800 2481 1885 periri
2513 1801 2579 1863 in
2623 1811 2935 1865 veterum
2968 1798 3229 1885 scriptis
3296 1798 3805 1890 testimonium,

2274 1897 2460 1978 quod
2493 1894 2830 1982 restitutos
2889 1916 2934 1960 a
2990 1894 3466 1961 succefforibus
3513 1920 3802 1985 praece.

2273 1991 2576 2056 dentium
2627 1990 3074 2080 Augustorum
3145 2012 3391 2058 numos
3473 1999 3808 2065 traderet.

2270 2087 2360 2156 11.
2411 2090 2693 2154 Nullam
2777 2090 2963 2175 poss'e
3035 2087 3293 2153 adferri
3364 2087 3809 2174 verisimilem

2274 2186 2582 2266 causam,
2636 2206 2814 2271 quae
2853 2189 2948 2250 ad
3004 2184 3175 2250 istud
3234 2185 3607 2255 institutum
3664 2196 3810 2256 Au·

2272 2282 2493 2372 gustos
2537 2283 2930 2369 impulerit,
2977 2303 3198 2384 neque
3243 2284 3382 2349 ullo
3434 2300 3650 2372 pacto
3691 2309 3815 2354 va

2273 2383 2416 2446 lere
2447 2381 2633 2467 posse
2673 2400 2834 2465 eae,
2889 2400 3060 2465 quas
3085 2397 3631 2452 commemorant
3663 2385 3813 2455 alii.

2277 2479 2431 2558 Sic,
2484 2498 2613 2562 qui
2625 2477 2973 2555 censuere,
3023 2467 3286 2541 factum
3306 2475 3516 2558 istud,
3570 2494 3651 2546 ut
3688 2483 3816 2548 ha·

2279 2576 2551 2641 ber-etur
2587 2576 2809 2640 honos
2846 2572 3265 2660 principibus
3299 2577 3466 2655 {vita
3506 2575 3812 2662 functis,

2281 2686 2403 2740 aut
2440 2669 2712 2739 vetustis
2744 2671 2913 2757 reip.
2950 2668 3272 2751 familiis,
3349 2692 3488 2740 non
3553 2671 3820 2763 expen2

2282 2770 2484 2849 diss'e,
2550 2765 2726 2835 inter
2764 2768 2893 2835 hos
2953 2788 3305 2833 occurrere
3339 2772 3549 2836 etiam
3580 2774 3819 2839 Tibe-

2282 2870 2514 2947 rium,
2565 2881 2635 2931 et
2685 2865 3090 2945 Claudium,
3158 2867 3277 2950 qui
3348 2868 3570 2933 nullos
3656 2871 3823 2937 sane

2282 2966 2581 3031 honores
2661 2962 3019 3051 promeriti
3079 2963 3263 3039 sunt,
3335 2984 3472 3028 non
3544 2988 3823 3052 paucas

2284 3082 2456 3126 vero
2491 3059 2795 3125 familias
2840 3078 3104 3148 parum
3140 3057 3468 3140 illustres,
3548 3077 3623 3129 et
3678 3066 3827 3151 ple-

2285 3178 2535 3242 rasque
2567 3161 2705 3239 jam
2725 3160 2866 3221 tum
2900 3154 3279 3219 exstinctas.
3379 3158 3498 3222 111.
3551 3160 3828 3227 Omnes

2287 3255 2455 3332 has,
2506 3253 2887 3338 fimilesque
2939 3254 3364 3334 conjecturas
3420 3258 3706 3340 prorsus
3761 3280 3829 3324 e·

2285 3353 2462 3418 verti
2493 3353 2716 3417 numis
2750 3347 3083 3433 inscriptis
3130 3349 3428 3418 DIVVS.
3493 3353 3830 3420 NERVA

2288 3467 2333 3514 a
2361 3449 2669 3535 Trajano
2708 3447 2946 3513 addito
2981 3444 3234 3511 REST.
3278 3449 3636 3532 percussiS.
3710 3451 3837 3516 An

2288 3548 2467 3610 enim
2507 3544 2900 3625 verisimile,
2948 3563 2994 3609 a
3054 3544 3359 3626 Trajano
3438 3545 3834 3615 restitutum

2286 3663 2603 3721 numum,
2657 3662 2859 3728 quem
2899 3636 3088 3703 feriri
3121 3639 3259 3725 ipse
3309 3640 3573 3720 iussit?

2388 3740 2682 3820 Rejectis
2721 3737 2829 3801 his
2867 3737 3204 3801 sententiis
3249 3737 3463 3802 aliam
3539 3744 3777 3807 multo
3813 3791 3840 3823 .

2290 3848 2367 3899 ιιι
2401 3846 2636 3919 putat
2687 3829 3271 3918 praestabiliorem
3298 3835 3578 3903 inducit.
3690 3841 3840 3905 Ex·

2288 3929 2560 4013 illimat,
2611 3928 2897 3996 verbum
2930 3929 3196 4017 rfflituit
3231 3930 3646 4018 significare,
3703 3937 3863 4009 im·=

2290 4037 2680 4113 peratorem
2715 4073 2734 4105 ,
2787 4047 2991 4111 quem
3056 4046 3297 4092 numus
3365 4028 3845 4109 restitutorem

2294 4122 2629 4209 appellat,
2676 4121 3016 4187 restituiss'e
3063 4138 3572 4190 monumentum
3602 4130 3842 4212 quod-

2295 4221 2459 4286 dam
2502 4219 2855 4313 publicum
2889 4223 3031 4303 ejus
3068 4218 3203 4285 five
3242 4223 3720 4308 imperatoria,
3750 4226 3843 4290 fi-

2296 4337 2384 4381 ve
2430 4316 2728 4381 hominis
2763 4304 3084 4393 illustris,
3136 4320 3325 4400 cujus
3395 4318 3657 4383 nomen'
3706 4343 3847 4387 nu-

2299 4432 2451 4477 mus
2505 4414 2761 4499 prodit.
2905 4416 3322 4499 Argumenta
3407 4419 3849 4504 compendio

2299 4507 2474 4575 haec
2531 4509 2714 4574 sunt:
2768 4510 2826 4576 Ι.
2860 4507 3158 4596 Copiosa
3195 4510 3452 4576 exstant
3506 4527 3849 4580 veterum
