4175 5450
2617 274 2692 321 t*

1005 592 1191 672 AD
1305 583 1782 671 Nvmos
1882 583 2783 685 FAMILIARVM.
3000 616 3006 625 -
3139 646 3144 655 .
3415 610 3515 686 59

1822 889 1859 967 ς
1954 884 2079 962 1V.

1403 1077 1507 1147 De
1555 1076 1912 1147 nominibus
1943 1098 2069 1171 per
2096 1076 2506 1167 adoptionum

484 1369 786 1438 Romani
852 1369 1171 1456 adoptati
1221 1366 1307 1433 fic
1376 1368 1448 1434 in
1506 1369 1904 1483 adoptantis
1984 1380 2175 1435 tento
2223 1386 2468 1455 nempe
2509 1360 2842 1434 familiae
2869 1367 3026 1434 suae
3061 1372 3515 1457 cognomine,
3577 1444 3584 1455 .

265 1508 271 1515 -
386 1483 656 1556 gentem
698 1468 1118 1546 transivere,
1192 1477 1268 1529 ut
1305 1464 1618 1553 susceptis
1681 1470 1906 1532 omni·
1987 1487 2141 1531 cum
2193 1464 2278 1548 Q.
2323 1460 2648 1529 Servilius
2691 1462 2954 1553 Caepio
3018 1464 3330 1535 Iuniam
3379 1460 3635 1577 dieis)

386 1565 517 1631 bus
552 1569 692 1649 ejus
748 1563 1137 1629 nominibus
1181 1561 1337 1625 suae
1380 1564 1593 1648 gentis
1653 1583 1905 1629 nomen
1988 1562 2336 1629 debuiffet.
2438 1560 2550 1625 Sic
2586 1573 2656 1626 et
2692 1562 2968 1650 Scipio,
3022 1566 3140 1648 qui
3177 1569 3247 1629 in
3279 1564 3526 1635 Africa

384 1660 902 1748 postponerent,
953 1659 1066 1722 sed
1100 1659 1508 1745 productum
1550 1662 1620 1725 in
1643 1660 1903 1725 ANVS.
1991 1659 2315 1725 adversus
2358 1653 2719 1723 Caesarem
2760 1656 2974 1740 stetit,
3041 1663 3418 1749 adoptatus
3476 1687 3523 1731 a

387 1758 501 1823 Sic
547 1759 880 1822 Aemilius
912 1757 1193 1821 Paullus
1223 1757 1368 1820 aP.
1405 1755 1728 1822 Cornelio
1764 1758 1909 1839 Sci·
1995 1756 2081 1840 Q.
2135 1754 2441 1820 Caecilio
2495 1755 2777 1821 Metello
2826 1758 2949 1823 Pio
2995 1758 3241 1823 dicitur
3284 1762 3356 1823 in
3390 1781 3517 1825 nu·

385 1855 593 1941 pione
635 1855 1007 1940 adoptatus
1044 1854 1264 1918 dictus
1301 1851 1389 1916 est
1427 1854 1502 1921 P.
1550 1852 1910 1919 Cornelius
1993 1854 2170 1918 mis:
2229 1851 2317 1936 Q.
2339 1851 2658 1917 Metellus
2693 1853 2852 1918 Pius
2888 1854 3141 1939 Scipio,
3194 1875 3330 1919 non
3358 1857 3520 1923 Cor.

382 1951 616 2038 Scipio
659 1949 1074 2019 Aemilianus.
1180 1948 1262 2015 C.
1320 1949 1655 2015 Octavius
1695 1951 1910 2015 subin·
1991 1951 2298 2021 aelianus.
2428 1950 2665 2034 Neque
2721 1961 2954 2015 tamen
3000 1951 3069 2013 in
3115 1951 3517 2039 usurpandis

384 2048 469 2111 de
504 2048 872 2134 Augustu3‚
941 2044 1317 2133 adoptatus
1365 2068 1412 2112 a
1455 2045 1747 2112 Caesare
1800 2049 1911 2111 di·
1992 2049 2424 2127 nominibuS,
2474 2048 2544 2110 in
2580 2067 2758 2131 quae
2810 2047 3202 2129 saccetum,
3274 2051 3513 2116 admo.

386 2154 648 2209 ctatore
684 2145 895 2209 evalit
943 2144 1024 2212 C.
1073 2146 1284 2209 Iulius
1324 2142 1575 2210 Caesar
1612 2147 1909 2211 Octavia·
1993 2148 2156 2209 dum
2242 2144 2432 2209 fuiss'e
2495 2144 2846 2230 religiosos
2920 2143 3197 2210 conflat.
3323 2148 3517 2212 idem

382 2260 541 2320 nus,
625 2255 693 2306 et
744 2241 828 2305 fic
870 2244 941 2305 in
988 2243 1248 2305 nuruis:
1335 2244 1423 2314 A.
1482 2240 1909 2307 LICINIVS.
1988 2244 2239 2307 Brutus
2272 2244 2647 2329 adoptatus
2685 2243 2882 2328 saepe
2907 2244 2979 2309 in
3010 2245 3229 2309 numis
3269 2246 3517 2309 dicitur

383 2336 723 2402 NERVA.
758 2336 1174 2412 summus,
1230 2349 1326 2402 et:
1376 2338 1464 2404 T.
1495 2337 1910 2417 QVINCTI-
1987 2352 2300 2403 tantum:
2373 2340 2757 2403 BRVTVS.
2816 2341 3043 2418 1MP..
3118 2355 3188 2405 et
3234 2343 3311 2406 P.
3361 2341 3515 2407 Clo-

382 2433 517 2500 VS.
561 2432 1029 2497 CRISPINVS
1071 2430 1693 2496 SVLPICIAN'VS.
1745 2433 1907 2496 Sae·
1990 2435 2142 2497 dius
2189 2436 2558 2517 adoptatus
2596 2455 2640 2496 a
2672 2436 2961 2499 Fonteio
2986 2437 3074 2499 ad
3097 2441 3281 2501 vitae
3311 2438 3515 2502 finem

372 2551 464 2618 pe
521 2524 756 2593 tamen
810 2526 923 2592 ab
961 2529 1095 2591 hac
1145 2526 1292 2615 lege
1336 2527 1698 2590 discess'um.
1802 2528 1905 2591 Μ.
1996 2529 2076 2590 Ρ.
2146 2527 2427 2591 Clodius
2493 2530 2629 2592 dici
2672 2534 2991 2613 perrexit.
3095 2534 3513 2597 Productum

265 2620 283 2635 ⁰
384 2627 619 2691 Iunius
660 2627 909 2688 Brutus
956 2628 1056 2703 ie,
1141 2627 1256 2709 qui
1300 2623 1659 2688 Caesarem
1712 2626 1913 2687 inter·
1998 2626 2206 2686 etiam
2262 2644 2384 2709 per
2436 2626 2880 2710 adoptionem
2939 2646 3364 2738 cognomen,
3441 2643 3516 2694 ut

381 2721 592 2800 fecit,
648 2722 1020 2808 adoptatus
1059 2743 1100 2786 a
1147 2722 1235 2806 Q.
1271 2720 1562 2787 Servilio
1618 2720 1910 2809 Caepio·
1995 2743 2082 2786 ex
2142 2721 2479 2796 Marcello
2541 2722 2985 2800 Marcellinus,
3049 2728 3220 2787 vide
3283 2729 3350 2787 in
3394 2747 3513 2788 nu-

382 2841 467 2888 ne
504 2821 891 2911 appellatus
924 2817 1015 2887 est
1050 2821 1141 2907 Q.
1175 2818 1438 2909 Caepio
1459 2823 1754 2901 Brutus,
1808 2840 1911 2884 re·
1992 2822 2125 2887 mis
2144 2819 2416 2886 Lentuli
2448 2822 2833 2887 Marcellini
2862 2835 3082 2910 gentis
3123 2822 3510 2889 Corneliae.

1829 3210 2050 3289 SV.

1358 3476 1377 3484 ‚
1422 3401 1526 3469 De
1558 3401 1860 3466 mentione
1900 3406 2117 3487 patris
2138 3449 2158 3482 ,
2209 3411 2280 3466 et·
2300 3402 2429 3467 avi.

475 3686 741 3766 PatriS,
842 3700 1047 3773 atque
1139 3688 1347 3754 etiam
1419 3688 1535 3752 avi
1615 3705 1917 3778 nonnunj-
1996 3692 2098 3766 ri,
2183 3690 2384 3763 item3
2469 3688 2806 3758 ΖΕΤΞῙΣ.
2855 3690 3511 3759 ΑΠΟΛΛΟΝΙΟΤ.

379 3805 585 3872 quam
682 3787 1095 3850 mentionem
1181 3788 1249 3849 in
1322 3787 1424 3849 his
1509 3788 1726 3847 numia
1814 3784 1912 3847 le·
1998 3785 2213 3850 ΓΟΤ.
2258 3786 2738 3866 ΑΜΤΝΤΟΤ.
2788 3784 3044 3851 Zeuxis
3081 3785 3515 3875 ApollcmiiAF

375 3902 538 3969 gae,
593 3894 704 3946 ut:
782 3886 859 3946 Ρ.
902 3882 1312 3949 CRASSVS.
1356 3884 1452 3946 M.
1489 3882 1565 3945 F.
1623 3896 1777 3943 aut.
1834 3880 1910 3948 C.
1994 3882 2330 3965 Amyntae
2373 3883 2461 3949 N.
2538 3883 2610 3946 in
2669 3880 3060 3968 cistophoro
3114 3882 3515 3948 Laodicenfi

375 3975 623 4042 ANNl.
673 3981 762 4045 T.
812 3981 890 4044 F.
943 3983 1023 4045 T.
1068 3985 1142 4044 N.
1196 3983 1261 4043 id
1306 3977 1431 4043 est:
1507 3981 1651 4042 Titi
1699 3979 1903 4044 Filius
1995 3978 2179 4064 apud
2216 3977 2670 4044 Pellerinium.
2711 3977 2806 4063 ⁸)·
2894 3983 3085 4044 Alius
3127 3982 3371 4045 modus
3415 3977 3511 4044 ef-

373 4076 439 4138 T
440 4078 521 4140 iti
546 4078 797 4161 Nepos,
854 4079 968 4161 qui
1014 4099 1163 4142 mos
1187 4080 1368 4161 apud
1398 4074 1700 4142 Graecos
1732 4098 1898 4161 quo·
1981 4074 2246 4140 ferendi
2287 4077 2497 4163 patris
2543 4095 2833 4160 nomen,
2887 4078 2996 4140 sed
3035 4076 3344 4140 nonnihil
3368 4097 3508 4141 am-

378 4190 507 4255 que
531 4173 847 4252 obtinuit,
882 4188 991 4239 ut:
1028 4175 1648 4244 ΑΛΕΞΑΝΔΡΟΤ.
1674 4174 1907 4239 ΤΟΤ..
1978 4171 2276 4258 biguuS,
2331 4169 2421 4236 est
2480 4193 2538 4240 e.
2591 4195 2653 4259 g.
2673 4171 3109 4240 REGVLVS.
3138 4176 3213 4237 F.
3269 4175 3341 4236 id
3373 4174 3511 4240 est.

372 4266 1104 4360 ΝΕΟΠΤΟΛΕΜΟΤ.
1208 4269 1573 4340 Alexandri
1610 4269 1894 4356 Neopto·
1975 4270 2214 4350 Filius,
2289 4271 2372 4334 de
2408 4290 2543 4356 quo
2582 4272 2742 4338 vide
2772 4321 2792 4354 ,
2859 4289 3036 4356 quae
3089 4272 3398 4336 dicentur
3439 4271 3510 4335 in

368 4361 507 4429 tenu·
545 4352 620 4431 F.
658 4367 965 4432 innumis
1008 4371 1381 4435 Alexandri
1424 4369 1477 4433 1.
1519 4370 1693 4454 regis
1720 4368 1883 4454 Epi·
1974 4381 2171 4452 gente
2233 4365 2582 4478 Curiatia.
3047 4407 3052 4412 -

334 4531 343 4536 ι
443 4574 1001 4654 ⁵)30031pr40·
2959 4659 3024 4721 H
3195 4601 3202 4648 j

3078 4675 3122 4723 2
