4175 5450
679 568 818 642 134
1507 567 1516 574 ’
1684 549 2193 632 ANICIA.

675 755 901 832 mine,
954 753 1266 842 adquam
1301 751 1466 820 illud
1507 753 1867 840 pertinuit,
1919 751 2192 836 constet,

677 870 815 917 non
857 855 1060 916 unico
1083 851 1214 916 ‘iflo
1255 854 1321 915 in
1376 850 1660 932 familiis
1716 854 1799 916 R.
1851 852 2190 936 exemplo.

967 947 1042 1012 C.
1099 947 1344 1012 CAES.
1402 949 1589 1014 IMP.
1669 946 1861 1012 COS.
1946 949 2190 1013 ITER.

968 1044 1170 1130 Caput
1215 1047 1500 1113 Veneris.

667 1144 758 1215 A.
799 1141 1274 1209 ALLIENVS.
1334 1139 1711 1207 PROCOS.
1791 1139 1917 1206 Vir
1982 1139 2193 1206 nudus·

669 1238 734 1304 d.
763 1239 918 1325 pede
934 1258 1179 1325 prorae
1207 1241 1392 1304 navis
1434 1227 1695 1328 'insfiens
1712 1235 1777 1303 d.
1812 1240 2190 1325 triquetram

665 1343 848 1400 tenet.
950 1335 1099 1408 AR,
1150 1337 1298 1404 RR.

770 1429 945 1495 Sistit
977 1431 1089 1498 hic
1128 1432 1440 1496 denarius
1484 1433 1571 1495 A.
1621 1429 1997 1508 Allienum,
2078 1430 2188 1494 cui

665 1528 943 1593 Siciliae
1003 1529 1305 1614 praetori
1389 1528 1442 1592 1.
1493 1524 1742 1591 Caesar
1833 1526 2051 1589 multa
2113 1528 2187 1589 in

663 1626 1008 1690 mandatis
1048 1626 1367 1701 dederat,
1422 1622 1698 1709 quando
1738 1644 1822 1686 ex
1862 1622 2076 1685 insula
2116 1623 2187 1686 in

667 1720 976 1785 Africam
1021 1734 1257 1786 contra
1287 1720 1674 1806 Scipionem
1709 1716 2061 1803 profectus
2100 1717 2189 1781 est

663 1818 783 1881 vl.
827 1818 980 1881 Kal.
1021 1818 1167 1883 Ian.
1203 1830 1278 1880 ut
1321 1814 1531 1880 refert
1569 1815 1852 1878 Hirtius.
1907 1812 2004 1897 ²),
2071 1815 2185 1878 In-

587 1904 596 1922 '
660 1911 773 1978 fra
818 1903 1172 1992 narratur,
1223 1902 1287 1996 b)
1339 1913 1701 1988 Allienum,
1752 1909 2015 1996 sed'qui
2041 1914 2186 1994 Jam

659 2012 1023 2097 proconiul
1060 2013 1343 2089 dicitur,
1395 2008 1630 2094 ampla
1671 2003 1940 2069 Caesari
1990 2006 2211 2071 subfi?

668 2107 785 2169 dia
815 2108 905 2169 ad
939 2108 1012 2170 id
1049 2106 1299 2171 bellum
1349 2126 1433 2169 ex
1455 2103 1688 2168 Sicilia
1710 2102 1965 2167 misisse.
2018 2105 2183 2168 Pro-

661 2202 999 2268 consulem
1048 2205 1257 2269 etiam
1290 2201 1597 2290 appellat
1635 2197 1878 2265 Cicero
1921 2202 1993 2263 in
2025 2201 2182 2286 *epi-

2291 545 2752 632 ANNIA.

2278 754 2458 821 fiolis
2496 749 2671 821 Binis
2710 754 2797 818 ad
2849 771 3003 816 eum
3048 748 3119 815 in
3181 748 3483 818 Siciliam
3563 751 3789 835 datis,

2278 873 2452 938 quae
2475 854 2616 917 sunt
2647 848 3019 938 postremae
3040 839 3195 912 libri
3225 851 3354 913 XII
3362 851 3410 920 1,
3510 850 3615 915 Ex
3646 872 3793 916 ver..

2278 949 2380 1015 bis
2418 951 2623 1014 Hirtii
2674 961 2742 1012 et
2791 966 2999 1012 numo
3055 945 3200 1032 ipso
3270 959 3528 1011 certam
3603 948 3791 1013 numi

2273 1059 2572 1111 aetatem
2609 1057 2940 1109 tenemus.
3043 1042 3319 1106 Certum
3349 1041 3481 1121 est,
3533 1064 3790 1110 memo·-

2271 1156 2497 1207 ratum
2533 1143 2714 1206 diem
2750 1143 2867 1207 VI.
2902 1139 3059 1204 Kal.
3124 1139 3266 1203 Ian.
3312 1125 3439 1203 eise
3495 1142 3651 1206 anni
3702 1145 3789 1208 V.

2274 1237 2352 1306 C.
2400 1258 2577 1322 707,
2630 1238 2818 1301 missa
2856 1256 3024 1300 vero
3082 1235 3369 1298 subsidia
3451 1239 3790 1325 principio

2272 1337 2436 1400 anni
2466 1334 2797 1419 sequentis
2840 1345 3003 1413 708.
3105 1331 3287 1417 Ergo
3352 1344 3610 1396 certum
3673 1333 3791 1399 eti·

2273 1451 2428 1511 am,
2479 1427 2671 1495 fuiss'e
2708 1431 3046 1494 Allienum
3101 1428 3569 1512 proconsulem
3627 1427 3791 1495 Sici-

2268 1530 2404 1593 liae
2420 1527 2676 1590 ‘saltem
2718 1519 3005 1590 exeunte
3040 1543 3215 1587 anno
3258 1524 3483 1609 priore
3509 1537 3536 1604 ,‘
3583 1540 3651 1591 et
3688 1528 3789 1590 in·

2270 1637 2469 1688 eunte
2507 1623 2754 1714 altero·
2852 1623 2961 1702 At,
2993 1640 3161 1684 vero
3217 1620 3270 1705 1.-
3309 1619 3603 1707 Caesar,
3673 1623 3792 1706 qui

2267 1722 2335 1784 in
2369 1721 2654 1784 denario
2695 1717 2943 1782 dicitur
2975 1716 3201 1781 consul
3261 1718 3506 1781 iterum
3532 1765 3552 1797 ,
3607 1738 3787 1783 anuo

2267 1820 2351 1881 V.
2383 1816 2460 1892 C,
2507 1828 2643 1897 708
2681 1819 2818 1896 jam
2863 1811 2994 1876 fuit
3036 1811 3264 1876 consul
3336 1813 3460 1877 ΙΙΙ.
3594 1816 3774 1901 Ergo

2264 1933 2509 1977 numus
2548 1913 2662 1975 hic
2697 1907 3096 1974 tribuendus
3141 1905 3325 1973 anno'
3370 1913 3458 1975 V.
3499 1908 3579 1976 C.
3619 1930 3786 1993 707.

2264 2010 2634 2092 Triquetra
2689 2005 3035 2085 Siciliam,
3110 2007 3220 2070 vir
3297 2007 3516 2071 nudus
3587 2008 3788 2078 navis

2264 2125 2515 2190 prorae
2569 2102 2856 2168 insistens
2943 2102 3432 2167 demandatum
3513 2103 3785 2169 Allieno

2264 2205 2476 2268 maris
2529 2202 2893 2291 imperium
2938 2211 3204 2267 notant.

1855 2478 2559 2608 νᾼΝιοζΛ.

744 2683 813 2752 N
814 2703 1007 2751 umus
1061 2681 1484 2752 Goltzianus.

1920 2908 2597 3046 ANNIAJ

750 3162 932 3230 Gens
981 3162 1277 3253 plebeia.
1329 3167 1409 3233 In
1446 3168 1667 3235 numis
1705 3171 1903 3234 certis
1922 3186 2169 3256 cogno·
2205 3184 2219 3195 ·

647 3274 995 3327 men'non
1047 3265 1368 3329 additur..
1775 3340 1788 3345 -

944 3357 1027 3426 C.
1065 3360 1189 3423 AN
1200 3360 1313 3424 NI.
1341 3363 1426 3427 T.
1465 3362 1545 3433 F.
1566 3364 1649 3427 T.
1681 3364 1766 3430 N.
1786 3349 2167 3429 PRDCOS.

936 3456 1081 3520 EX.
1134 3457 1201 3520 S.
1254 3456 1333 3523 C.
1396 3460 1599 3545 Caput
1649 3460 1975 3535 muliebre,
2028 3471 2175 3527 ante

935 3552 1108 3641 quod
1142 3553 1504 3643 plerumque
1542 3557 1762 3623 bilanx
1778 3607 1798 3635 ‚
1831 3560 2019 3644 saepe
2054 3560 2172 3621 eti-

895 3692 902 3701 ·
939 3672 1046 3716 am
1071 3672 1236 3736 pone
1282 3654 1581 3719 caducas
1651 3656 1863 3721 alatus
1879 3703 1897 3733 ‚
1990 3655 2173 3742 insi-a

938 3760 1127 3832 caput
1137 3750 1326 3836 saepe
1354 3751 1572 3816 literae
1606 3751 1918 3838 alphabeti
1944 3802 1963 3832 ‚
2057 3763 2175 3818 aut

644 3847 648 3851 ’
945 3846 1100 3931 quid
1130 3847 1306 3911 aliud
1318 3893 1337 3923 ,
1385 3858 1458 3910 ut
1477 3849 1770 3935 fior-pius
1786 3898 1804 3929 ,
1861 3860 1969 3917 etc.

643 3934 726 4006 L.
760 3939 1000 4017 FABI.
1043 3942 1119 4006 L.
1169 3942 1246 4006 F.
1301 3944 1524 4008 HISP.
1548 3947 1813 4033 superne
1854 3934 1940 4029 Q.
2053 3942 2168 4013 Va·-

644 4042 850 4104 ctoria
900 4042 968 4101 in
1000 4041 1143 4103 citis
1191 4040 1529 4125 quadrigis
1558 4090 1578 4120 ,
1633 4047 1892 4127 (rarius
1952 4040 2168 4124 lentis)

611 4136 707 4201 nd.
752 4136 1086 4227 oblongum
1151 4135 1410 4221 'palmae
1448 4158 1711 4203 ramum.
1841 4139 1914 4202 In
1964 4142 2163 4202 aliisi

566 4298 570 4303 ,
647 4231 734 4315 Q.
774 4231 1251 4313 TARQVlTl.
1300 4235 1375 4295 P.
1427 4234 1503 4296 F.
1551 4235 1640 4317 Q,
1751 4238 2035 4301 Victoria
2102 4238 2169 4299 in

640 4332 784 4395 citis
823 4331 993 4415 bigis
1038 4330 1371 4415 &palmae
1420 4341 1665 4396 ramum
1691 4379 1710 4408 ,
1747 4332 2017 4418 superne
2044 4353 2187 4397 no-,

625 4655 665 4711 P
704 4542 767 4633 ·.›
809 4569 879 4623 de
916 4569 1049 4633 ben,
1084 4569 1334 4627 Afficcc.
1371 4586 1425 4633 a.
1618 4568 1682 4640 b)
1716 4587 1839 4645 cap.
1873 4582 1960 4639 34.

676 4680 692 4700 .
735 4657 855 4709 70²·
1757 4676 1768 4682 -

2138 4576 2187 4641 Ιθ)

2224 4574 2281 4626 in
2316 4573 2515 4628 Sertor-
2548 4590 2607 4646 p.
2643 4587 2765 4642 571.

2253 3181 2378 3331 miz
2390 3216 2396 3224 ·
2421 3169 2849 3334 agthmeticae
2871 3220 2891 3254 ‚
2966 3182 3076 3244 ut.-
3123 3174 3269 3250 iffi?
3320 3196 3581 3250 xxxv.-
3643 3186 3783 3247 ete.

2252 3275 2313 3333 A
2385 3318 2400 3333 .
2516 3318 2532 3335 .

2350 3369 2666 3453 Plerique
2706 3370 3075 3455 antiquarii
3133 3370 3312 3436 hunc
3355 3368 3432 3435 C.
3481 3369 3782 3434 Annium

2255 3468 2541 3530 eundem
2578 3479 2841 3549 putant,
2896 3486 3093 3548 quem
3128 3466 3337 3531 refert
3374 3467 3783 3531 Plutarchus

2254 3583 2299 3627 a
2342 3562 2528 3626 Sulla
2572 3564 2892 3628 adversus
2938 3562 3310 3626 Sertorium
3350 3566 3418 3626 in
3472 3563 3783 3653 Hispani-

2254 3660 2676 3724 ammissum
2720 3660 2917 3742 hujus
2956 3660 3241 3723 ducibus
3301 3681 3337 3722 e
3416 3660 3781 3739 Pyrenaeo
3884 3708 3909 3715 -

2253 3756 2578 3820 submotis
2612 3754 2819 3838 ipsum
2860 3754 3642 3843 CarthaginemaeNovam
3661 3773 3784 3816 re-

2251 3851 2606 3937 trocedere
2626 3852 2930 3937 coegiss'e.
2983 3850 3044 3934 c)
3097 3849 3497 3915 Existimant
3538 3853 3781 3930 etiam,

2247 3932 2394 4028 'ejus
2438 3958 2580 4009 tum
2642 3946 3026 4031 quaestores
3087 3946 3279 4011 fuiss'e
3343 3949 3422 4012 L.
3476 3944 3782 4013 Fabium

2252 4043 2758 4129 Hispaniensem
2790 4091 2809 4123 ,
2865 4058 2932 4108 et
2993 4044 3080 4127 Q.
3132 4045 3608 4132 Tarquitium,
3638 4045 3785 4106 ‘id-

2253 4159 2383 4223 que
2425 4139 2664 4203 horum
2692 4142 3430 4205 denariorumindicio.
3478 4142 3570 4204 At
3593 4134 3789 4206 enim

2221 4236 2419 4302 ‚istud
2451 4236 2763 4322 profecto
2803 4240 3097 4316 mirum‚'
3125 4240 3309 4322 quod
3331 4236 3605 4303 testatur
3629 4237 3789 4301 sal·-

2250 4331 2527 4414 luffiuS,
2580 4325 2645 4416 d)
2701 4336 2768 4398 in
2833 4348 3142 4399 extrema.
3212 4354 3472 4415 coena,
3547 4355 3684 4418 qua
3731 4356 3797 4403 a.

2942 4537 3005 4646 d)
3037 4570 3194 4647 apud
3225 4572 3477 4629 Servium
3512 4573 3591 4630 ad
3624 4570 3790 4634 Aen.
