4175 5450
1602 543 2329 623 CORNELIA.

387 842 651 934 Sisenna
686 845 903 933 gentis
934 847 1291 933 patriciae.
1312 797 1344 832 n

682 943 928 1007 SISEN
939 944 1025 1006 A
1085 943 1286 1028 Caput
1328 940 1608 1008 Palladis
1643 941 1905 1022 alatum,

677 1041 748 1103 in
784 1058 938 1105 area
967 1042 1026 1103 X
1069 1049 1130 1103 et
1169 1039 1462 1102 ROMA.

3333 645 3343 655 .
3388 533 3521 640 ¹'²³⁹

1996 747 2506 832 Iugurthinum,
2559 744 3013 824 Cimbricum,
3063 746 3311 811 sociale
3371 745 3513 816 insi.

1998 845 2216 930 gniter
2273 844 2727 928 comprobata
2767 844 2993 906 consul
3048 845 3132 906 V.
3197 842 3270 909 C.
3323 845 3507 924 666,

1998 959 2153 1004 cum
2214 940 2555 1003 decretam
2620 937 2737 1001 fibi
2788 941 3214 1025 provinciam
3279 938 3506 1006 Afiam

1992 1034 2380 1120 bellumque
2415 1035 2959 1098 Mithridaticum
2997 1047 3238 1122 agente
3266 1033 3508 1099 P.Su1.

387 1129 536 1197 CN.
589 1133 979 1200 CORNEL.
1023 1137 1102 1202 L.
1157 1136 1233 1201 F.
1282 1135 1570 1219 Iuppiter
1624 1139 1691 1199 in
1759 1138 1908 1200 citis
1993 1132 2177 1217 picio
2243 1133 2513 1195 tribuno
2557 1132 2649 1217 pl.
2688 1133 2756 1196 in
2808 1128 2881 1193 C.
2938 1132 3249 1196 Marium
3280 1144 3503 1196 trans-

387 1228 726 1318 quadrigis
783 1231 1024 1317 fulmen
1067 1237 1136 1297 in
1163 1230 1504 1319 subjectum
1564 1234 1903 1317 Gigantem

383 1324 644 1407 vibrat,
683 1349 805 1414 per
859 1349 1075 1395 aream
1131 1331 1339 1413 capita
1383 1327 1591 1420 Solis,
1646 1330 1899 1408 Lunae,

383 1430 447 1486 et
481 1423 606 1490 dno
650 1428 838 1513 astra.
937 1427 1085 1492 AR.
1122 1427 1206 1490 R.

489 1518 901 1588 SISENNA.
941 1519 1423 1586 APRONIVS.
1457 1523 1539 1585 A.
1571 1523 1656 1585 A.
1696 1522 1780 1585 A.
1821 1520 1895 1586 F.

389 1612 476 1686 F.
514 1614 585 1677 in
628 1617 904 1681 minutis
945 1620 1175 1682 aeneis
1208 1617 1324 1682 sub
1360 1616 1671 1704 Augusto
1694 1615 1896 1702 signa

386 1709 500 1777 tis.
601 1708 677 1774 C.
774 1708 781 1715 ’

482 1804 856 1874 Monstrum
894 1809 1242 1896 quadrigis
1269 1806 1683 1890 subjectum
1664 1828 1897 1874 incon-

381 1900 554 1965 sulto
600 1902 692 1966 ab
767 1907 1168 1990 antiquariis
1229 1906 1473 1968 Triton
1549 1916 1839 1976 vocatur
1870 1951 1893 1985 ,

381 2017 540 2061 cum
569 2013 797 2064 certus
835 2002 913 2066 sit
973 2000 1182 2087 Gigas
1242 1999 1502 2065 inferne
1564 2001 1638 2066 in
1695 2001 1895 2066 binos

381 2094 718 2159 dracones
761 2097 1031 2175 abiens,
1088 2100 1172 2161 de
1225 2118 1360 2184 quo
1409 2097 1679 2162 abunde
1729 2098 1894 2163 olim

381 2188 726 2275 disputavi
757 2194 824 2255 in
865 2194 1034 2256 meis
1070 2193 1311 2255 Numis
1340 2194 1686 2256 veteribus
1734 2214 1894 2279 pag.

387 2300 551 2370 ²3¹·
651 2285 761 2348 De
830 2288 997 2351 Iove
1051 2287 1323 2352 Tritoni
1391 2288 1671 2349 inimico
1727 2288 1896 2350 nihil

380 2386 750 2459 tenemus,“
799 2394 872 2445 at
930 2382 1236 2469 Iuppiter
1300 2380 1515 2446 clarus
1583 2383 1895 2470 Gigaateo

380 2475 698 2562 triumpho
742 2480 850 2544 cui
881 2498 1018 2541 non
1072 2479 1342 2541 dictus?
1439 2476 1739 2539 Similem
1786 2476 1893 2540 Io·

379 2574 487 2638 vis
525 2595 612 2636 ex
643 2575 989 2660 quadrigis
1043 2593 1340 2660 pugnam
1384 2569 1586 2636 offert
1628 2571 1893 2658 insignis

378 2690 650 2758 gemma
683 2679 857 2759 opus
895 2670 1341 2747 Athenionis,
1393 2687 1599 2754 quam
1655 2667 1890 2754 vulga-

378 2769 483 2831 vit
515 2766 1104 2831 Winkelmannus.
1154 2763 1219 2849 ⁸)
1284 2765 1520 2830 Ventis
1561 2765 1765 2851 igitur
1794 2763 1894 2829 fe·

377 2862 630 2927 tendas
656 2864 906 2926 dedere
941 2865 1361 2946 conjecturas
1411 2861 1676 2940 eruditi,
1722 2881 1893 2946 quas

377 2960 473 3021 ad
507 2957 983 3040 explicandum
1031 2959 1209 3023 hunc
1275 2969 1519 3044 typum
1576 2978 1700 3043 per
1746 2960 1891 3022 vim

375 3052 511 3116 huc
543 3054 880 3140 adegere,
936 3056 1053 3139 qui
1134 3066 1431 3119 ceterum
1481 3053 1893 3138 symbolicas

375 3160 563 3213 totus
592 3149 901 3227 videtur,
933 3164 1001 3214 et
1033 3164 1276 3215 notare
1315 3149 1709 3214 seditionem
1768 3152 1894 3215 ali·

373 3264 585 3329 quam
623 3247 890 3309 Romae
920 3246 1212 3310 feliciter
1241 3247 1555 3330 sopitam,
1606 3247 1889 3330 perinde

378 3359 464 3403 ac
510 3342 815 3426 Iuppiter
881 3341 1209 3426 Gigantes
1290 3339 1581 3403 rebelles
1650 3343 1896 3425 perdo-

374 3436 575 3498 muit.

953 3581 983 3611 t
1293 3577 1343 3613 *O

372 3621 554 3695 Sulla
572 3616 788 3711 gentis
810 3625 1163 3712 patriciae.

378 3742 386 3749 ·
563 3750 578 3757 ·
670 3720 892 3808 Caput
899 3720 1179 3787 Paffadis
1214 3720 1490 3806 alamon,
1535 3742 1697 3808 pone
1723 3723 1813 3791 X.

373 3818 453 3886 P.
496 3815 754 3883 vaA.
813 3819 905 3887 V
879 3819 1109 3885 setona
1144 3821 1217 3885 in
1261 3821 1403 3887 citis
1449 3817 1666 3908 bigis,
1713 3819 1893 3909 infra

372 3914 672 3981 ROMA.
773 3916 923 3980 AR.
954 3916 1041 3986 R.

377 4032 388 4039 ·
470 4012 549 4077 P.
585 4010 821 4077 SVLA
858 4014 930 4077 in
966 4011 1250 4077 assibus.
1349 4012 1432 4077 R.

547 4202 725 4273 suna
770 4208 1048 4285 dictator
1063 4257 1084 4290 ,
1134 4217 1196 4275 et
1224 4208 1490 4300 Faustus
1511 4204 1715 4301 fluns.

414 4382 547 4463 ⁵1..
586 4395 939 4471 Cornelius
972 4401 1161 4470 Sulla
1210 4406 1459 4470 virtute
1509 4421 1634 4491 per
1696 4400 1879 4467 bella

1989 1225 2157 1291 ferri
2184 1229 2482 1306 videret,
2559 1230 2839 1291 admoto
2893 1228 2986 1290 ad-
3036 1226 3272 1291 urbem
3307 1248 3499 1294 exer-

1990 1326 2130 1387 citu
2192 1325 2492 1388 Marium
2563 1324 2773 1388 vincit
2832 1324 3186 1408 ejicitque,
3239 1336 3304 1388 et
3350 1344 3498 1414 rep.

1988 1433 2063 1484 ut
2101 1418 2300 1485 libuit
2336 1422 2656 1485 ordinata
2689 1439 2868 1483 anno
2901 1421 3220 1504 proximo
3257 1421 3498 1485 adver·

1983 1515 2123 1581 sus
2139 1515 2608 1580 Mithridatem
2651 1515 3127 1604 proficiscitur,
3209 1535 3499 1601 eumque

1987 1615 2174 1678 victo
2201 1616 2273 1677 in
2313 1611 2611 1677 Graecia
2671 1612 2886 1677 tribus
2935 1612 3213 1698 praeliis
3267 1610 3497 1698 legato

1985 1709 2329 1774 Archelao
2391 1711 2482 1773 ad
2539 1727 2779 1795 pacem
2848 1710 3217 1796 compellit.
3321 1706 3493 1771 Cum

1982 1806 2160 1870 inter
2186 1806 2360 1871 haec
2389 1805 2550 1871 urbs
2592 1827 2637 1869 a
2674 1807 2880 1870 Marii
2918 1805 3218 1869 factione
3262 1803 3496 1871 misere

1979 1916 2389 1982 vexaretur,
2439 1923 2525 1967 eo
2589 1902 2930 1988 progress‘a
3001 1901 3491 1985 impotentiae,

1982 2012 2057 2063 ut
2087 2000 2363 2064 >Sullam
2406 1997 2663 2063 hostem
2710 2001 2881 2086 reip.
2935 1998 3314 2082 judicaret,
3376 1995 3493 2062 hic
3600 2037 3609 2042 ·

1982 2099 2198 2161 redux
2238 2109 2516 2163 cruento
2565 2096 2654 2160 ad
2735 2094 2882 2181 ipsa
2944 2094 3131 2160 urbis
3217 2094 3493 2162 moenia
3606 2099 3615 2106 '

1981 2193 2245 2279 praelio
2276 2195 2498 2258 victor
2544 2194 2612 2257 in
2663 2192 2983 2257 adversas
3029 2202 3259 2277 partes
3302 2191 3488 2254 inau-

1980 2290 2129 2352 dita
2165 2287 2564 2354 crudelitate
2598 2290 2820 2355 saevit
2845 2285 3187 2376 propolita
3217 2284 3490 2390 publice

1977 2384 2487 2468 proscriptionis
2520 2385 2794 2462 tabula,
2847 2397 3245 2470 creatusque
3276 2370 3485 2449 dicta-

1977 2488 2089 2540 tor
2111 2491 2476 2564 perpetuus
2522 2482 2606 2543 V.
2637 2477 2713 2542 C.
2758 2481 2892 2561 672
2931 2482 3114 2565 leges
3143 2480 3315 2543 alias
3354 2478 3493 2544 fert
3580 2559 3588 2564 ἠ

1976 2593 2238 2653 novas,
2290 2572 2464 2637 alias
2496 2574 2844 2659 antiquat,
2892 2574 3316 2639 tribunorum
3364 2593 3487 2660 po·

1972 2669 2278 2735 testatem
2318 2672 2605 2750 evertit,
2652 2681 2722 2734 et
2760 2671 2845 2734 de
2896 2669 3300 2737 Mithridate
3341 2668 3487 2735 insi·
3552 2657 3619 2684 '⁹

1972 2787 2171 2857 gnem
2207 2768 2623 2852 triumphum
2678 2764 2839 2857 agi't.
2937 2763 3349 2847 Constituta,
3414 2777 3493 2830 ut

1973 2864 2232 2947 visum,
2281 2883 2430 2948 rep.
2473 2860 2629 2948 post
2677 2862 3020 2927 biennium
3077 2861 3312 2949 sponte
3384 2864 3483 2926 di-

1974 2971 2313 3025 ctaturam
2351 2957 2634 3048 abdi-cat
2653 3008 2675 3043 ,
2738 2956 3097 3044 factusque
3150 2960 3483 3045 privatus,

1972 3055 2242 3143 reliqua
2274 3057 2422 3119 vita
2460 3057 2533 3120 in
2579 3058 2766 3133 otio,
2820 3075 2902 3121 ac
2959 3055 3145 3141 quod
3194 3056 3482 3135 mirere,

1972 3155 2252 3240 impune
2304 3165 2596 3230 exacta,
2646 3150 2939 3217 infausto
2996 3152 3238 3217 morbo
3267 3199 3288 3231 ,
3367 3171 3480 3238 pe·
3536 3184 3543 3191 ’

1965 3251 2218 3314 diculis
2249 3261 2400 3314 toto
2438 3268 2729 3339 corpore
2776 3248 2995 3313 enatis
3050 3246 3485 3335 exstinguitur

1972 3347 2056 3410 V.
2089 3344 2169 3411 C.
2210 3347 2390 3427 676,
2441 3343 2857 3429 amplissimo
2884 3342 3125 3408 funere
3158 3343 3481 3409 senatori·-

1971 3439 2100 3503 bus
2140 3440 2393 3505 lectum
2448 3438 2882 3506 subeuntibus
2956 3440 3360 3523 deportatus
3408 3442 3483 3506 in

1974 3553 2293 3621 campum
2356 3536 2727 3614 Martium,
2777 3534 3216 3619 omniumque
3300 3532 3481 3599 ordi-

1970 3648 2135 3693 num
2172 3630 2451 3718 stipatus
2489 3630 2872 3716 praesentia
2897 3648 3066 3715 rogo
3108 3627 3480 3716 impolitus.

1970 3726 2098 3789 Vir
2127 3738 2203 3790 ut
2226 3728 2299 3792 in
2333 3726 2652 3792 maximis
2705 3727 2874 3815 reip.
2932 3725 3317 3814 putandus,
3395 3725 3483 3791 sic
3532 3740 3537 3746 ’

1969 3835 2253 3909 propter
2289 3822 2798 3904 crudelitatem,
2864 3842 3073 3912 quam
3131 3822 3481 3889 vindictae

1967 3916 2183 3984 fludio
2239 3917 2390 4008 post
2423 3920 2787 3987 victoriam
2827 3920 3167 4001 exercuit,
3218 3941 3475 3986 memo·

1963 4017 2114 4081 riae
2145 4015 2613 4103 detestandae,
2660 4014 2910 4106 quique
2959 4018 3219 4105 primus
3270 4038 3473 4104 expe·

1961 4115 2332 4179 -rimentum
2374 4116 2605 4194 dedit,
2654 4116 2836 4202 poss'e
2872 4115 2971 4180 rei
3000 4114 3326 4179 summam
3376 4113 3471 4180 ad
3564 4127 3569 4133 '

1959 4213 2165 4276 unius
2212 4212 2667 4298 principatum
2695 4212 3013 4281 devolvi.
3056 4213 3292 4278 Vitam
3319 4201 3472 4277 scri·

1951 4305 2085 4392 ‚pat
2121 4308 2548 4375 Plutarchus.

2054 4404 2334 4473 Faustus
2390 4404 2620 4471 filius
2598 4425 2667 4471 ιιι
2699 4405 2882 4473 bello
2930 4405 3117 4475 civili
3166 4404 3487 4492 Pompeii-

440 4606 497 4675 a)
521 4576 794 4663 ’Momm-
827 4619 948 4674 nt,
979 4627 1037 4667 n.
1073 4627 1159 4669 ιο.
