4175 5450
1099 610 1275 702 AD
1375 617 1844 702 Nvmos
1940 618 2862 705 FAMILIARVM.
3409 641 3539 728 ω

413 819 633 889 lantio
718 822 1200 912 reprehendit,
1248 835 1582 910 perpetuo
1654 823 1941 911 obligat.
2025 835 2102 890 to
2142 845 2395 896 carere.
2494 821 2673 893 Nam
2707 828 3029 895 iconismi
3051 841 3123 894 et
3153 828 3429 917 plenum
3469 836 3544 901 fi-

412 920 607 986 Male
644 926 1060 1006 conjectavit
1113 921 1563 1001 Vaillantius,
1647 940 1732 984 en
1816 921 1944 985 tibi
1999 919 2198 1002 ,flunt
2247 922 2491 989 horum
2551 944 2912 990 numorum
2971 928 3411 1015 catalogum,
3476 946 3551 999 et

416 1020 880 1098 conjecturam
945 1018 1157 1083 aliam
1242 1009 1473 1102 priore
1528 1010 1941 1082 non-multo
2025 1028 2273 1085 numos
2304 1041 2458 1085 cum
2502 1019 2809 1100 affabre,
2858 1036 3003 1087 tum
3043 1025 3270 1089 sancte
3324 1047 3409 1092 ac
3442 1049 3544 1096 re.

415 1110 1003 1199 praestabiliorem
1032 1161 1055 1192 ‚
1104 1112 1190 1178 fic
1236 1124 1312 1176 ut
1342 1132 1479 1177 non
1524 1133 1940 1200 magnopere
2022 1113 2258 1201 ligiose
2294 1118 2639 1203 depictos,
2687 1118 2812 1203 ipfi
2851 1140 3017 1184 vero
3068 1125 3546 1191 commentarii

414 1207 888 1287 aberra-veris,
958 1209 1005 1273 fi
1058 1207 1438 1274 universum
1509 1209 1683 1275 illud
1765 1229 1940 1297 opus
2026 1211 2262 1276 omnia
2295 1233 2421 1293 ea,
2488 1232 2665 1299 quae
2708 1215 3193 1300 praecedentes
3233 1221 3542 1304 antiqua-

409 1306 960 1385 conjecturarum
981 1306 1318 1392 specimen
1349 1305 1546 1371 voles
1563 1305 1937 1394 appellare.
2019 1307 2112 1370 rii
2143 1308 2230 1373 de
2268 1306 2534 1395 lingulis
2565 1311 2791 1380 numia
2829 1312 2942 1379 l'eu
2976 1325 3199 1398 recte,
3248 1312 3359 1384 [eu
3388 1336 3543 1407 per·

406 1398 635 1486 Lege,
687 1414 755 1465 et
789 1404 1122 1491 experire,
1225 1400 1543 1466 Ceterum
1566 1400 1940 1490 opusistud
2018 1423 2262 1493 peram
2293 1406 2719 1494 judicavere.
3188 1405 3199 1416 “

409 1491 818 1598 eumbabes
837 1544 860 1582 ,
909 1512 1111 1590 potes
1151 1497 1433 1586 reliquis
1483 1499 1799 1574 omnibus
1833 1511 1937 1567 tu·

1241 2078 2627 2210 carv‘rxx.

1609 2307 2263 2363 w

1518 2750 1530 2764 .
1616 2650 1979 2744 nstitutum
2022 2651 2325 2720 annm.
2416 2625 2421 2631 ’

397 2914 671 3010 Paucis
711 2933 795 3001 fic
827 2936 1134 3031 habeto.·
1209 2938 1634 3027 Brevitatem
1683 2945 1925 3011 sectari
2006 2941 2104 3007 let
2136 2942 2483 3020 animum,
2535 2936 2646 3004 cui
2676 2947 2909 3026 turpes
2952 2936 3271 3005 videntur
3312 2959 3536 3030 nugae

397 3038 684 3127 placuit.
797 3035 974 3100 Eam
1022 3057 1160 3103 non
1216 3039 1429 3102 modo
1497 3041 1690 3107 suasit
1740 3046 1921 3108 ratio
2007 3039 2368 3118 difficiles,
2421 3049 2489 3103 et
2556 3033 2783 3101 stultus
2840 3034 3040 3100 labor
3095 3038 3534 3125 ineptiarum.

398 3135 630 3222 operis
668 3151 903 3196 omnes
947 3154 1304 3208 numerum
1351 3135 1583 3203 class'es
1622 3142 1920 3226 comple·
2004 3137 2272 3200 Interea
2311 3137 2472 3200 dum
2509 3131 2833 3199 brevitati
2869 3134 3195 3212 consului,
3247 3155 3537 3222 operam

393 3232 512 3314 xi,
561 3231 675 3293 sed
711 3229 930 3314 et.ipfi
966 3232 1161 3311 huius
1205 3232 1435 3296 classis
1483 3226 1671 3299 numi
1750 3233 1930 3301 istud
2004 3233 2213 3310 dedi,
2265 3251 2349 3295 ne
2388 3251 2531 3316 qna
2555 3230 2957 3294 intercidere
2993 3243 3290 3317 paterer,
3342 3252 3523 3319 quae

394 3325 735 3414 postulare
779 3325 936 3406 vifi,
988 3330 1107 3412 qui
1174 3328 1377 3412 plura
1432 3334 1779 3396 continent
1821 3337 1919 3396 in·
2001 3330 2274 3416 cognitu
2304 3329 2507 3393 effent
2547 3326 2793 3411 digna,
2845 3326 2959 3392 vel
2984 3348 3161 3413 quae
3202 3330 3398 3394 utilia
3437 3330 3539 3396 ab

393 3435 630 3500 certa,
677 3433 746 3485 et
796 3422 1172 3509 ambigua,
1215 3443 1426 3507 quam
1478 3447 1654 3510 quae
1731 3427 1932 3492 nullo
1998 3425 2131 3501 iis,
2185 3426 2301 3508 qui
2332 3420 2807 3510 praecellere,
2861 3420 3009 3485 sunt
3049 3421 3430 3492 observata.

393 3516 794 3581 adversante
822 3518 1075 3601 possint
1100 3519 1486 3583 adfirmari,
1575 3520 1773 3602 Quae
1804 3543 1919 3586 ve·
2099 3519 2179 3582 ln
2217 3517 2615 3583 enarrandis
2649 3518 2872 3580 numia
2911 3519 3224 3584 ordinem
3252 3522 3531 3591 servavi

385 3631 474 3685 to
508 3612 833 3694 voluptas
882 3605 1003 3676 aut
1041 3614 1435 3690 scribentis,
1490 3627 1611 3678 aut
1672 3616 1920 3680 deinde
2002 3613 2513 3698 alphabeticum
2564 3614 2913 3699 gentium,
2991 3632 3194 3697 quem
3261 3617 3536 3701 primus

389 3707 725 3795 legentis,
779 3726 932 3769 cum
966 3708 1056 3771 ad
1097 3709 1413 3796 prolixae
1440 3711 1922 3796 disputationis
1999 3707 2226 3772 intulit
2270 3707 2538 3781 Vrfims
2564 3755 2584 3785 ,
2636 3728 2908 3792 quoque
2936 3711 3389 3796 opportunior
3426 3714 3523 3779 al·

389 3804 596 3870 finem
630 3814 909 3868 ventum
953 3803 1042 3867 est
1065 3852 1092 3883 ,
1139 3807 1266 3869 ess‘e
1296 3827 1520 3891 aeque
1561 3810 1930 3894 incertum,
2000 3816 2108 3868 ter
2159 3804 2450 3869 obtineri
2501 3804 2621 3869 vix
2655 3804 2933 3889 poterit.
3050 3806 3234 3881 Inter
3285 3818 3529 3892 gentes

387 3922 472 3968 ac
515 3902 828 3966 dudum?
880 3900 1111 3969 Habet
1158 3901 1326 3967 iflud
1371 3908 1592 3971 omnis
1627 3926 1740 3971 ars
1790 3906 1916 3970 hu·
2000 3901 2180 3989 ipsas
2220 3902 2404 3964 numi
2434 3900 2682 3965 iterum
2722 3919 2850 3986 pro
2887 3899 3330 3987 alphabetico
3405 3923 3520 3967 co·

388 4017 648 4077 mana,
689 4010 763 4060 ut
798 3998 1001 4086 plura
1042 3998 1210 4078 lint,
1289 4020 1465 4086 quae
1525 4002 1858 4066 nescimus
1891 4050 1913 4082 ,
2000 4000 2394 4087 gnominum
2435 3999 2671 4061 ordine
2705 3996 2999 4084 dispofiti
3032 3998 3216 4079 sunt,
3267 4018 3421 4065 cum
3453 4001 3533 4067 -io-

390 4115 598 4180 quam
637 4114 814 4179 quae
844 4096 1147 4177 scimus„
1188 4110 1254 4162 et
1287 4098 1400 4183 qui
1440 4098 1617 4185 sapit
1642 4144 1674 4177 ,
1717 4100 1920 4164 dabit
2000 4096 2363 4160 commode
2403 4095 2717 4161 adhiberi
2763 4096 3010 4182 potuit.

393 4210 677 4279 operam
703 4238 724 4269 ,
776 4211 913 4257 non
949 4204 1023 4256 ut
1064 4195 1296 4260 omnia
1351 4194 1718 4281 explanet,
1799 4197 1920 4261 sed·
2098 4190 2397 4270 Gentes,
2444 4203 2511 4254 et
2544 4180 2847 4255 familias
2892 4211 2982 4257 ex
3033 4191 3461 4258 coloniarum
3488 4242 3525 4276 ,.

388 4299 466 4351 ut
499 4287 697 4374 plura
722 4333 743 4364 ,
796 4289 1060 4375 reliqua
1093 4293 1434 4376 relinquat
1469 4290 1908 4380 posteris5qui
1995 4303 2063 4355 et
2098 4289 2623 4374 municipiorum
2661 4300 2937 4353 moneta
2977 4290 3328 4376 cognitas,
3397 4290 3521 4356 eta

387 4380 572 4446 forte
607 4402 944 4450 novorum
982 4407 1127 4473 ope
1161 4387 1594 4453 subfidierum
1654 4409 1740 4454 ea
1790 4410 1904 4454 ex·
1991 4407 2111 4451 eas
2152 4388 2220 4450 in
2270 4384 2605 4469 syllabam
2658 4384 2841 4448 suum
2890 4386 3269 4471 receperint
3327 4387 3513 4450 Pati-

385 4478 666 4566 pedient
706 4526 728 4556 ,
816 4494 937 4546 aut
1017 4484 1376 4549 nobiscum
1467 4486 1902 4572 ignorabunt.
1985 4503 2149 4562 nus,
2207 4482 2667 4559 Vaillantius,
2722 4481 3127 4560 Moreuius,
3174 4481 3523 4567 negligen-

319 4608 326 4615 ·
384 4574 542 4643 Hoc
580 4574 1050 4646 faneconfilio
1086 4581 1622 4648 adscribendum
1666 4581 1902 4673 appel·
1988 4581 2116 4648 das
2150 4579 2349 4647 duxi.
2443 4576 2878 4668 Magistratus
2907 4580 3085 4738 exiim
3130 4578 3515 4666 municipaae
3558 4673 3571 4687 ι

3066 4692 3113 4741 2
