<?xml version="1.0" encoding="UTF-8"?>
<!DOCTYPE html PUBLIC "-//W3C//DTD XHTML 1.0 Transitional//EN"
    "http://www.w3.org/TR/xhtml1/DTD/xhtml1-transitional.dtd">
<html xmlns="http://www.w3.org/1999/xhtml" xml:lang="en" lang="en">
 <head>
  <title>
</title>
<meta http-equiv="Content-Type" content="text/html;charset=utf-8" />
  <meta name='ocr-system' content='tesseract 3.04.00' />
  <meta name='ocr-capabilities' content='ocr_page ocr_carea ocr_par ocr_line ocrx_word'/>
</head>
<body>
  <div class='ocr_page' id='page_1' title='image "./doctrinanumorum06unkngoog_0104.png"; bbox 0 0 4175 5450; ppageno 0'>
   <div class='ocr_carea' id='block_1_1' title="bbox 1079 602 2857 688">
    <p class='ocr_par' dir='ltr' id='par_1_1' title="bbox 1079 602 2857 688">
     <span class='ocr_line' id='line_1_1' title="bbox 1079 602 2857 688; baseline -0.003 0"><span class='ocrx_word' id='word_1_1' title='bbox 1079 609 1257 688; x_wconf 89' lang='lat' dir='ltr'>AD</span> <span class='ocrx_word' id='word_1_2' title='bbox 1363 605 1838 685; x_wconf 76' lang='lat' dir='ltr'>Nvmos</span> <span class='ocrx_word' id='word_1_3' title='bbox 1954 602 2857 688; x_wconf 77' lang='lat' dir='ltr'><strong>FAMILIARVM.</strong></span> 
     </span>
    </p>
   </div>
   <div class='ocr_carea' id='block_1_2' title="bbox 381 808 1944 4561">
    <p class='ocr_par' dir='ltr' id='par_1_2' title="bbox 381 808 1926 1082">
     <span class='ocr_line' id='line_1_2' title="bbox 401 808 1926 886; baseline -0.002 -7"><span class='ocrx_word' id='word_1_4' title='bbox 401 808 767 879; x_wconf 66' lang='lat' dir='ltr'>barbatum.</span> <span class='ocrx_word' id='word_1_5' title='bbox 815 816 875 886; x_wconf 60' lang='grc' dir='ltr'><strong><em>χ</em></strong></span> <span class='ocrx_word' id='word_1_6' title='bbox 926 810 1312 881; x_wconf 83' lang='lat' dir='ltr'>CAESAR.</span> <span class='ocrx_word' id='word_1_7' title='bbox 1391 812 1648 879; x_wconf 74' lang='lat' dir='ltr'>Amas</span> <span class='ocrx_word' id='word_1_8' title='bbox 1690 808 1926 880; x_wconf 71' lang='lat' dir='ltr'>Auchi-</span> 
     </span>
     <span class='ocr_line' id='line_1_3' title="bbox 381 906 1923 997; baseline -0.001 -25"><span class='ocrx_word' id='word_1_9' title='bbox 381 910 502 997; x_wconf 74' lang='lat' dir='ltr'>sen.</span> <span class='ocrx_word' id='word_1_10' title='bbox 531 906 808 997; x_wconf 66' lang='lat' dir='ltr'>efferans.</span> <span class='ocrx_word' id='word_1_11' title='bbox 863 908 1177 995; x_wconf 78' lang='lat' dir='ltr'>(Metelli</span> <span class='ocrx_word' id='word_1_12' title='bbox 1214 910 1286 975; x_wconf 89' lang='lat' dir='ltr'>in</span> <span class='ocrx_word' id='word_1_13' title='bbox 1318 906 1579 977; x_wconf 82' lang='lat' dir='ltr'>Caecil.</span> <span class='ocrx_word' id='word_1_14' title='bbox 1637 910 1782 976; x_wconf 77' lang='lat' dir='ltr'>tab.</span> <span class='ocrx_word' id='word_1_15' title='bbox 1834 909 1923 974; x_wconf 82' lang='grc' dir='ltr'>ΙΙ.</span> 
     </span>
     <span class='ocr_line' id='line_1_4' title="bbox 392 1005 658 1082; baseline 0 -12"><span class='ocrx_word' id='word_1_16' title='bbox 392 1006 496 1070; x_wconf 81' lang='lat' dir='ltr'>lit.</span> <span class='ocrx_word' id='word_1_17' title='bbox 548 1005 658 1082; x_wconf 81' lang='lat' dir='ltr'>E.)</span> 
     </span>
    </p>

    <p class='ocr_par' dir='ltr' id='par_1_3' title="bbox 393 1098 1923 1385">
     <span class='ocr_line' id='line_1_5' title="bbox 489 1098 1923 1191; baseline 0.003 -23"><span class='ocrx_word' id='word_1_18' title='bbox 489 1098 724 1168; x_wconf 84' lang='lat' dir='ltr'><strong>MAG.</strong></span> <span class='ocrx_word' id='word_1_19' title='bbox 762 1101 1460 1172; x_wconf 80' lang='lat' dir='ltr'>P1VS.1MP.1TER.</span> <span class='ocrx_word' id='word_1_20' title='bbox 1518 1102 1723 1191; x_wconf 80' lang='lat' dir='ltr'>Caput</span> <span class='ocrx_word' id='word_1_21' title='bbox 1753 1105 1923 1191; x_wconf 75' lang='lat' dir='ltr'>Nep-</span> 
     </span>
     <span class='ocr_line' id='line_1_6' title="bbox 393 1199 1610 1287; baseline 0.002 -23"><span class='ocrx_word' id='word_1_22' title='bbox 393 1200 553 1264; x_wconf 72' lang='lat' dir='ltr'>tuni.</span> <span class='ocrx_word' id='word_1_23' title='bbox 604 1205 660 1272; x_wconf 58' lang='grc' dir='ltr'><strong>π</strong></span> <span class='ocrx_word' id='word_1_24' title='bbox 709 1199 896 1267; x_wconf 79' lang='grc' dir='ltr'><strong>ῙΜΡ.</strong></span> <span class='ocrx_word' id='word_1_25' title='bbox 937 1200 1180 1267; x_wconf 88' lang='lat' dir='ltr'><strong>ITER.</strong></span> <span class='ocrx_word' id='word_1_26' title='bbox 1240 1203 1610 1287; x_wconf 77' lang='lat' dir='ltr'><em>Tropaeum.</em></span> 
     </span>
     <span class='ocr_line' id='line_1_7' title="bbox 396 1293 1655 1385; baseline 0.002 -26"><span class='ocrx_word' id='word_1_27' title='bbox 396 1295 549 1359; x_wconf 82' lang='lat' dir='ltr'>relli</span> <span class='ocrx_word' id='word_1_28' title='bbox 586 1297 655 1358; x_wconf 90' lang='lat' dir='ltr'>in</span> <span class='ocrx_word' id='word_1_29' title='bbox 691 1298 1031 1385; x_wconf 88' lang='lat' dir='ltr'>Pompeja</span> <span class='ocrx_word' id='word_1_30' title='bbox 1069 1296 1249 1365; x_wconf 87' lang='lat' dir='ltr'>Tab.</span> <span class='ocrx_word' id='word_1_31' title='bbox 1293 1300 1348 1365; x_wconf 92' lang='grc' dir='ltr'>Ι.</span> <span class='ocrx_word' id='word_1_32' title='bbox 1382 1298 1484 1363; x_wconf 88' lang='lat' dir='ltr'>lit.</span> <span class='ocrx_word' id='word_1_33' title='bbox 1523 1293 1655 1381; x_wconf 91' lang='lat' dir='ltr'>D.)</span> 
     </span>
    </p>

    <p class='ocr_par' dir='ltr' id='par_1_4' title="bbox 397 1393 1928 2325">
     <span class='ocr_line' id='line_1_8' title="bbox 491 1393 1923 1480; baseline 0.001 -23"><span class='ocrx_word' id='word_1_34' title='bbox 491 1393 800 1459; x_wconf 86' lang='lat' dir='ltr'>Adversa</span> <span class='ocrx_word' id='word_1_35' title='bbox 840 1395 1030 1458; x_wconf 90' lang='lat' dir='ltr'>numi</span> <span class='ocrx_word' id='word_1_36' title='bbox 1067 1396 1272 1480; x_wconf 88' lang='lat' dir='ltr'>primi</span> <span class='ocrx_word' id='word_1_37' title='bbox 1305 1393 1393 1458; x_wconf 86' lang='lat' dir='ltr'>est</span> <span class='ocrx_word' id='word_1_38' title='bbox 1440 1399 1580 1479; x_wconf 88' lang='lat' dir='ltr'>ejus</span> <span class='ocrx_word' id='word_1_39' title='bbox 1618 1394 1923 1479; x_wconf 86' lang='lat' dir='ltr'>denarii,</span> 
     </span>
     <span class='ocr_line' id='line_1_9' title="bbox 399 1490 1922 1577; baseline 0.003 -24"><span class='ocrx_word' id='word_1_40' title='bbox 399 1510 599 1574; x_wconf 91' lang='lat' dir='ltr'>quem</span> <span class='ocrx_word' id='word_1_41' title='bbox 631 1491 717 1574; x_wconf 80' lang='lat' dir='ltr'>Q.</span> <span class='ocrx_word' id='word_1_42' title='bbox 753 1492 1118 1577; x_wconf 78' lang='lat' dir='ltr'>Pompeius</span> <span class='ocrx_word' id='word_1_43' title='bbox 1144 1490 1364 1556; x_wconf 88' lang='lat' dir='ltr'>Rufus</span> <span class='ocrx_word' id='word_1_44' title='bbox 1410 1493 1480 1557; x_wconf 91' lang='lat' dir='ltr'>in</span> <span class='ocrx_word' id='word_1_45' title='bbox 1516 1494 1922 1557; x_wconf 82' lang='lat' dir='ltr'>memoriam</span> 
     </span>
     <span class='ocr_line' id='line_1_10' title="bbox 398 1584 1924 1673; baseline 0.003 -23"><span class='ocrx_word' id='word_1_46' title='bbox 398 1584 628 1650; x_wconf 85' lang='lat' dir='ltr'><strong>Sullae</strong></span> <span class='ocrx_word' id='word_1_47' title='bbox 674 1599 742 1650; x_wconf 88' lang='lat' dir='ltr'>et</span> <span class='ocrx_word' id='word_1_48' title='bbox 778 1589 1090 1673; x_wconf 86' lang='lat' dir='ltr'>Pompeii</span> <span class='ocrx_word' id='word_1_49' title='bbox 1145 1588 1301 1653; x_wconf 84' lang='lat' dir='ltr'>Rufi</span> <span class='ocrx_word' id='word_1_50' title='bbox 1358 1608 1550 1669; x_wconf 83' lang='lat' dir='ltr'>cos.,</span> <span class='ocrx_word' id='word_1_51' title='bbox 1603 1610 1924 1654; x_wconf 81' lang='lat' dir='ltr'>avorum·</span> 
     </span>
     <span class='ocr_line' id='line_1_11' title="bbox 410 1684 1928 1772; baseline 0.002 -27"><span class='ocrx_word' id='word_1_52' title='bbox 410 1701 543 1766; x_wconf 86' lang='lat' dir='ltr'>que</span> <span class='ocrx_word' id='word_1_53' title='bbox 606 1684 878 1748; x_wconf 87' lang='lat' dir='ltr'>suorum</span> <span class='ocrx_word' id='word_1_54' title='bbox 926 1684 1195 1750; x_wconf 86' lang='lat' dir='ltr'>Romae</span> <span class='ocrx_word' id='word_1_55' title='bbox 1246 1684 1548 1772; x_wconf 80' lang='lat' dir='ltr'>signavit.</span> <span class='ocrx_word' id='word_1_56' title='bbox 1668 1684 1928 1752; x_wconf 79' lang='lat' dir='ltr'>Aversa</span> 
     </span>
     <span class='ocr_line' id='line_1_12' title="bbox 399 1780 1926 1869; baseline 0.003 -26"><span class='ocrx_word' id='word_1_57' title='bbox 399 1780 495 1844; x_wconf 86' lang='lat' dir='ltr'>ad</span> <span class='ocrx_word' id='word_1_58' title='bbox 529 1799 649 1843; x_wconf 90' lang='lat' dir='ltr'>eos</span> <span class='ocrx_word' id='word_1_59' title='bbox 689 1780 1009 1844; x_wconf 84' lang='lat' dir='ltr'>denarios</span> <span class='ocrx_word' id='word_1_60' title='bbox 1041 1785 1374 1866; x_wconf 81' lang='lat' dir='ltr'>pertinet,</span> <span class='ocrx_word' id='word_1_61' title='bbox 1425 1803 1602 1869; x_wconf 86' lang='lat' dir='ltr'>quos</span> <span class='ocrx_word' id='word_1_62' title='bbox 1639 1784 1737 1847; x_wconf 90' lang='lat' dir='ltr'>M.</span> <span class='ocrx_word' id='word_1_63' title='bbox 1760 1784 1926 1847; x_wconf 87' lang='lat' dir='ltr'>Bru·</span> 
     </span>
     <span class='ocr_line' id='line_1_13' title="bbox 402 1877 1926 1965; baseline 0.003 -26"><span class='ocrx_word' id='word_1_64' title='bbox 402 1887 510 1939; x_wconf 89' lang='lat' dir='ltr'>tus</span> <span class='ocrx_word' id='word_1_65' title='bbox 547 1877 742 1940; x_wconf 90' lang='lat' dir='ltr'>caeso</span> <span class='ocrx_word' id='word_1_66' title='bbox 790 1877 1128 1942; x_wconf 74' lang='lat' dir='ltr'>dictatore</span> <span class='ocrx_word' id='word_1_67' title='bbox 1161 1891 1475 1965; x_wconf 88' lang='lat' dir='ltr'>tempore</span> <span class='ocrx_word' id='word_1_68' title='bbox 1505 1880 1682 1946; x_wconf 87' lang='lat' dir='ltr'>illati</span> <span class='ocrx_word' id='word_1_69' title='bbox 1733 1878 1849 1944; x_wconf 90' lang='lat' dir='ltr'>sibi</span> <span class='ocrx_word' id='word_1_70' title='bbox 1880 1900 1926 1944; x_wconf 88' lang='lat' dir='ltr'>a</span> 
     </span>
     <span class='ocr_line' id='line_1_14' title="bbox 401 1972 1928 2060; baseline 0.004 -24"><span class='ocrx_word' id='word_1_71' title='bbox 401 1972 673 2037; x_wconf 84' lang='lat' dir='ltr'>Illviris</span> <span class='ocrx_word' id='word_1_72' title='bbox 711 1973 877 2037; x_wconf 89' lang='lat' dir='ltr'>belli</span> <span class='ocrx_word' id='word_1_73' title='bbox 909 1977 1152 2060; x_wconf 88' lang='lat' dir='ltr'>procul</span> <span class='ocrx_word' id='word_1_74' title='bbox 1189 1977 1280 2044; x_wconf 88' lang='lat' dir='ltr'>ab</span> <span class='ocrx_word' id='word_1_75' title='bbox 1334 1976 1497 2042; x_wconf 86' lang='lat' dir='ltr'>urbe</span> <span class='ocrx_word' id='word_1_76' title='bbox 1571 1974 1928 2042; x_wconf 84' lang='lat' dir='ltr'>feriundos</span> 
     </span>
     <span class='ocr_line' id='line_1_15' title="bbox 397 2069 1927 2161; baseline 0.004 -29"><span class='ocrx_word' id='word_1_77' title='bbox 397 2071 691 2139; x_wconf 85' lang='lat' dir='ltr'>curavit.</span> <span class='ocrx_word' id='word_1_78' title='bbox 797 2069 992 2153; x_wconf 74' lang='lat' dir='ltr'>Quae</span> <span class='ocrx_word' id='word_1_79' title='bbox 1050 2093 1209 2161; x_wconf 89' lang='lat' dir='ltr'>ergo</span> <span class='ocrx_word' id='word_1_80' title='bbox 1266 2073 1549 2148; x_wconf 84' lang='lat' dir='ltr'>fortuna</span> <span class='ocrx_word' id='word_1_81' title='bbox 1605 2075 1927 2139; x_wconf 82' lang='lat' dir='ltr'>matrices</span> 
     </span>
     <span class='ocr_line' id='line_1_16' title="bbox 401 2167 1927 2237; baseline 0.005 -9"><span class='ocrx_word' id='word_1_82' title='bbox 401 2167 611 2231; x_wconf 88' lang='lat' dir='ltr'>tantis</span> <span class='ocrx_word' id='word_1_83' title='bbox 640 2169 817 2232; x_wconf 89' lang='lat' dir='ltr'>inter</span> <span class='ocrx_word' id='word_1_84' title='bbox 857 2168 916 2233; x_wconf 87' lang='lat' dir='ltr'>se</span> <span class='ocrx_word' id='word_1_85' title='bbox 951 2170 1329 2236; x_wconf 83' lang='lat' dir='ltr'>intervallis</span> <span class='ocrx_word' id='word_1_86' title='bbox 1364 2168 1682 2237; x_wconf 85' lang='lat' dir='ltr'>distantes</span> <span class='ocrx_word' id='word_1_87' title='bbox 1714 2172 1927 2237; x_wconf 89' lang='lat' dir='ltr'>socia-</span> 
     </span>
     <span class='ocr_line' id='line_1_17' title="bbox 400 2262 563 2325; baseline 0 0"><span class='ocrx_word' id='word_1_88' title='bbox 400 2262 506 2325; x_wconf 76' lang='lat' dir='ltr'>vit</span> <span class='ocrx_word' id='word_1_89' title='bbox 532 2265 563 2325; x_wconf 69' lang='grc' dir='ltr'>’ἒ</span> 
     </span>
    </p>

    <p class='ocr_par' dir='ltr' id='par_1_5' title="bbox 405 2358 1944 4561">
     <span class='ocr_line' id='line_1_18' title="bbox 505 2358 1928 2450; baseline 0.007 -32"><span class='ocrx_word' id='word_1_90' title='bbox 505 2358 814 2423; x_wconf 79' lang='lat' dir='ltr'>Adversa</span> <span class='ocrx_word' id='word_1_91' title='bbox 859 2362 1047 2424; x_wconf 89' lang='lat' dir='ltr'>numi</span> <span class='ocrx_word' id='word_1_92' title='bbox 1079 2361 1165 2423; x_wconf 92' lang='lat'>11.</span> <span class='ocrx_word' id='word_1_93' title='bbox 1213 2358 1304 2424; x_wconf 86' lang='lat' dir='ltr'>est</span> <span class='ocrx_word' id='word_1_94' title='bbox 1338 2381 1575 2426; x_wconf 90' lang='lat' dir='ltr'>eorum</span> <span class='ocrx_word' id='word_1_95' title='bbox 1610 2383 1771 2450; x_wconf 88' lang='lat' dir='ltr'>pars</span> <span class='ocrx_word' id='word_1_96' title='bbox 1809 2385 1928 2428; x_wconf 90' lang='lat' dir='ltr'>nu·</span> 
     </span>
     <span class='ocr_line' id='line_1_19' title="bbox 406 2454 1929 2541; baseline 0.004 -25"><span class='ocrx_word' id='word_1_97' title='bbox 406 2471 674 2516; x_wconf 89' lang='lat' dir='ltr'>morum</span> <span class='ocrx_word' id='word_1_98' title='bbox 703 2500 723 2531; x_wconf 89' lang='lat'><strong>‚</strong></span> <span class='ocrx_word' id='word_1_99' title='bbox 774 2455 892 2539; x_wconf 89' lang='lat' dir='ltr'>qui</span> <span class='ocrx_word' id='word_1_100' title='bbox 930 2454 1166 2541; x_wconf 88' lang='lat' dir='ltr'>signati</span> <span class='ocrx_word' id='word_1_101' title='bbox 1200 2458 1349 2521; x_wconf 91' lang='lat' dir='ltr'>sunt</span> <span class='ocrx_word' id='word_1_102' title='bbox 1382 2477 1427 2520; x_wconf 90' lang='lat' dir='ltr'>a</span> <span class='ocrx_word' id='word_1_103' title='bbox 1468 2460 1755 2522; x_wconf 88' lang='lat' dir='ltr'>Metello</span> <span class='ocrx_word' id='word_1_104' title='bbox 1788 2459 1929 2524; x_wconf 90' lang='lat' dir='ltr'>Sci-</span> 
     </span>
     <span class='ocr_line' id='line_1_20' title="bbox 406 2550 1928 2638; baseline 0.003 -24"><span class='ocrx_word' id='word_1_105' title='bbox 406 2550 612 2637; x_wconf 87' lang='lat' dir='ltr'>pione</span> <span class='ocrx_word' id='word_1_106' title='bbox 656 2561 969 2637; x_wconf 86' lang='lat' dir='ltr'>tempore</span> <span class='ocrx_word' id='word_1_107' title='bbox 1012 2552 1225 2636; x_wconf 88' lang='lat' dir='ltr'>belli,</span> <span class='ocrx_word' id='word_1_108' title='bbox 1278 2553 1464 2638; x_wconf 90' lang='lat' dir='ltr'>quod</span> <span class='ocrx_word' id='word_1_109' title='bbox 1497 2554 1558 2617; x_wconf 89' lang='lat' dir='ltr'>is</span> <span class='ocrx_word' id='word_1_110' title='bbox 1623 2557 1696 2618; x_wconf 88' lang='lat' dir='ltr'>in</span> <span class='ocrx_word' id='word_1_111' title='bbox 1747 2552 1928 2618; x_wconf 89' lang='lat' dir='ltr'>Afri·</span> 
     </span>
     <span class='ocr_line' id='line_1_21' title="bbox 407 2643 1925 2729; baseline 0.001 -17"><span class='ocrx_word' id='word_1_112' title='bbox 407 2643 857 2712; x_wconf 67' lang='lat' dir='ltr'>ca‘adversus</span> <span class='ocrx_word' id='word_1_113' title='bbox 900 2646 1261 2714; x_wconf 88' lang='lat' dir='ltr'>Caesarem</span> <span class='ocrx_word' id='word_1_114' title='bbox 1310 2646 1733 2729; x_wconf 75' lang='lat' dir='ltr'>instauravit,</span> <span class='ocrx_word' id='word_1_115' title='bbox 1833 2652 1925 2713; x_wconf 84' lang='lat' dir='ltr'>A·</span> 
     </span>
     <span class='ocr_line' id='line_1_22' title="bbox 405 2743 1926 2832; baseline 0.003 -23"><span class='ocrx_word' id='word_1_116' title='bbox 405 2744 600 2809; x_wconf 83' lang='lat' dir='ltr'>versa</span> <span class='ocrx_word' id='word_1_117' title='bbox 638 2743 727 2808; x_wconf 81' lang='lat' dir='ltr'>est</span> <span class='ocrx_word' id='word_1_118' title='bbox 745 2765 833 2810; x_wconf 85' lang='lat' dir='ltr'>ex</span> <span class='ocrx_word' id='word_1_119' title='bbox 861 2749 1149 2832; x_wconf 88' lang='lat' dir='ltr'>cognitis</span> <span class='ocrx_word' id='word_1_120' title='bbox 1179 2749 1476 2813; x_wconf 89' lang='lat' dir='ltr'>denariis</span> <span class='ocrx_word' id='word_1_121' title='bbox 1509 2749 1564 2815; x_wconf 90' lang='lat'>1.</span> <span class='ocrx_word' id='word_1_122' title='bbox 1592 2746 1926 2814; x_wconf 74' lang='lat' dir='ltr'>Caesaris-</span> 
     </span>
     <span class='ocr_line' id='line_1_23' title="bbox 407 2841 1926 2931; baseline 0.002 -25"><span class='ocrx_word' id='word_1_123' title='bbox 407 2841 485 2906; x_wconf 92' lang='lat' dir='ltr'>In</span> <span class='ocrx_word' id='word_1_124' title='bbox 515 2841 649 2905; x_wconf 76' lang='lat' dir='ltr'>h&#39;oc</span> <span class='ocrx_word' id='word_1_125' title='bbox 683 2862 892 2907; x_wconf 90' lang='lat' dir='ltr'>numo</span> <span class='ocrx_word' id='word_1_126' title='bbox 924 2846 1446 2931; x_wconf 86' lang='lat' dir='ltr'>Havercampus</span> <span class='ocrx_word' id='word_1_127' title='bbox 1482 2858 1739 2911; x_wconf 89' lang='lat' dir='ltr'>certam</span> <span class='ocrx_word' id='word_1_128' title='bbox 1783 2864 1926 2909; x_wconf 89' lang='lat' dir='ltr'>ma·</span> 
     </span>
     <span class='ocr_line' id='line_1_24' title="bbox 405 2940 1927 3028; baseline 0.003 -26"><span class='ocrx_word' id='word_1_129' title='bbox 405 2940 656 3002; x_wconf 81' lang='lat' dir='ltr'>tticum</span> <span class='ocrx_word' id='word_1_130' title='bbox 695 2943 1264 3025; x_wconf 81' lang='lat' dir='ltr'><strong>permutationem</strong></span> <span class='ocrx_word' id='word_1_131' title='bbox 1301 2943 1522 3007; x_wconf 75' lang='lat' dir='ltr'>¹videt.</span> <span class='ocrx_word' id='word_1_132' title='bbox 1643 2944 1739 3006; x_wconf 89' lang='lat' dir='ltr'>At</span> <span class='ocrx_word' id='word_1_133' title='bbox 1788 2960 1927 3028; x_wconf 85' lang='lat' dir='ltr'>quo</span> 
     </span>
     <span class='ocr_line' id='line_1_25' title="bbox 407 3032 1928 3120; baseline 0.003 -22"><span class='ocrx_word' id='word_1_134' title='bbox 407 3032 579 3098; x_wconf 81' lang='lat' dir='ltr'>istud</span> <span class='ocrx_word' id='word_1_135' title='bbox 617 3035 1271 3119; x_wconf 75' lang='lat' dir='ltr'>pactoverisimile,</span> <span class='ocrx_word' id='word_1_136' title='bbox 1337 3058 1507 3103; x_wconf 80' lang='lat' dir='ltr'>-cum</span> <span class='ocrx_word' id='word_1_137' title='bbox 1569 3038 1928 3120; x_wconf 81' lang='lat' dir='ltr'>Caesaris,</span> 
     </span>
     <span class='ocr_line' id='line_1_26' title="bbox 409 3129 1925 3222; baseline 0.002 -26"><span class='ocrx_word' id='word_1_138' title='bbox 409 3143 478 3196; x_wconf 87' lang='lat' dir='ltr'>et</span> <span class='ocrx_word' id='word_1_139' title='bbox 521 3129 860 3217; x_wconf 82' lang='lat' dir='ltr'><strong>Scipionis</strong></span> <span class='ocrx_word' id='word_1_140' title='bbox 899 3131 1217 3199; x_wconf 83' lang='lat' dir='ltr'>officinae</span> <span class='ocrx_word' id='word_1_141' title='bbox 1254 3137 1544 3222; x_wconf 88' lang='lat' dir='ltr'>oppido.</span> <span class='ocrx_word' id='word_1_142' title='bbox 1568 3133 1925 3213; x_wconf 83' lang='lat' dir='ltr'>distarent,</span> 
     </span>
     <span class='ocr_line' id='line_1_27' title="bbox 406 3228 1930 3312; baseline 0.002 -20"><span class='ocrx_word' id='word_1_143' title='bbox 406 3228 727 3312; x_wconf 90' lang='lat' dir='ltr'>illiusque</span> <span class='ocrx_word' id='word_1_144' title='bbox 766 3229 954 3293; x_wconf 89' lang='lat' dir='ltr'>numi</span> <span class='ocrx_word' id='word_1_145' title='bbox 989 3231 1176 3296; x_wconf 89' lang='lat' dir='ltr'>haud</span> <span class='ocrx_word' id='word_1_146' title='bbox 1219 3232 1426 3298; x_wconf 89' lang='lat' dir='ltr'>dubie</span> <span class='ocrx_word' id='word_1_147' title='bbox 1460 3232 1822 3299; x_wconf 86' lang='lat' dir='ltr'>ferirentur</span> <span class='ocrx_word' id='word_1_148' title='bbox 1859 3233 1930 3295; x_wconf 90' lang='lat' dir='ltr'>in</span> 
     </span>
     <span class='ocr_line' id='line_1_28' title="bbox 407 3322 1931 3413; baseline 0.001 -24"><span class='ocrx_word' id='word_1_149' title='bbox 407 3322 616 3401; x_wconf 90' lang='lat' dir='ltr'>urbe,</span> <span class='ocrx_word' id='word_1_150' title='bbox 663 3324 863 3409; x_wconf 87' lang='lat' dir='ltr'>hujus</span> <span class='ocrx_word' id='word_1_151' title='bbox 928 3327 999 3390; x_wconf 90' lang='lat' dir='ltr'>in</span> <span class='ocrx_word' id='word_1_152' title='bbox 1082 3330 1447 3413; x_wconf 86' lang='lat' dir='ltr'>provincia</span> <span class='ocrx_word' id='word_1_153' title='bbox 1502 3325 1746 3394; x_wconf 81' lang='lat' dir='ltr'>Africa</span> <span class='ocrx_word' id='word_1_154' title='bbox 1809 3326 1931 3391; x_wconf 89' lang='lat' dir='ltr'>sibi</span> 
     </span>
     <span class='ocr_line' id='line_1_29' title="bbox 409 3420 1929 3509; baseline 0 -24"><span class='ocrx_word' id='word_1_155' title='bbox 409 3420 767 3485; x_wconf 73' lang='lat' dir='ltr'>obnoxia?</span> <span class='ocrx_word' id='word_1_156' title='bbox 836 3423 943 3488; x_wconf 82' lang='lat' dir='ltr'>Ad</span> <span class='ocrx_word' id='word_1_157' title='bbox 973 3422 1148 3487; x_wconf 88' lang='lat' dir='ltr'>haec</span> <span class='ocrx_word' id='word_1_158' title='bbox 1224 3424 1535 3490; x_wconf 76' lang='lat' dir='ltr'>Caesaris</span> <span class='ocrx_word' id='word_1_159' title='bbox 1587 3425 1661 3488; x_wconf 89' lang='lat' dir='ltr'>id</span> <span class='ocrx_word' id='word_1_160' title='bbox 1718 3441 1929 3509; x_wconf 87' lang='lat' dir='ltr'>genus</span> 
     </span>
     <span class='ocr_line' id='line_1_30' title="bbox 412 3515 1929 3604; baseline 0.001 -26"><span class='ocrx_word' id='word_1_161' title='bbox 412 3515 682 3579; x_wconf 84' lang='lat' dir='ltr'>denarii</span> <span class='ocrx_word' id='word_1_162' title='bbox 743 3517 1059 3582; x_wconf 81' lang='lat' dir='ltr'>videntur</span> <span class='ocrx_word' id='word_1_163' title='bbox 1124 3519 1536 3604; x_wconf 81' lang='lat' dir='ltr'>praecedere</span> <span class='ocrx_word' id='word_1_164' title='bbox 1615 3530 1929 3602; x_wconf 82' lang='lat' dir='ltr'>tempus,</span> 
     </span>
     <span class='ocr_line' id='line_1_31' title="bbox 412 3610 1935 3699; baseline 0.002 -27"><span class='ocrx_word' id='word_1_165' title='bbox 412 3622 552 3695; x_wconf 84' lang='lat' dir='ltr'>quo</span> <span class='ocrx_word' id='word_1_166' title='bbox 677 3610 1044 3697; x_wconf 85' lang='lat' dir='ltr'>imperium</span> <span class='ocrx_word' id='word_1_167' title='bbox 1157 3614 1392 3699; x_wconf 84' lang='lat' dir='ltr'>Scipio</span> <span class='ocrx_word' id='word_1_168' title='bbox 1507 3614 1582 3676; x_wconf 89' lang='lat' dir='ltr'>in</span> <span class='ocrx_word' id='word_1_169' title='bbox 1688 3611 1935 3676; x_wconf 79' lang='lat' dir='ltr'>Africa</span> 
     </span>
     <span class='ocr_line' id='line_1_32' title="bbox 414 3704 1935 3794; baseline 0.003 -22"><span class='ocrx_word' id='word_1_170' title='bbox 414 3704 747 3782; x_wconf 81' lang='lat' dir='ltr'>obtinuit3</span> <span class='ocrx_word' id='word_1_171' title='bbox 795 3726 957 3773; x_wconf 88' lang='lat' dir='ltr'>nam</span> <span class='ocrx_word' id='word_1_172' title='bbox 1000 3729 1280 3790; x_wconf 87' lang='lat' dir='ltr'>eorum,</span> <span class='ocrx_word' id='word_1_173' title='bbox 1332 3710 1448 3794; x_wconf 88' lang='lat' dir='ltr'>qui</span> <span class='ocrx_word' id='word_1_174' title='bbox 1478 3706 1764 3773; x_wconf 78' lang='lat' dir='ltr'>Caesare</span> <span class='ocrx_word' id='word_1_175' title='bbox 1789 3709 1935 3791; x_wconf 82' lang='lat' dir='ltr'>jam</span> 
     </span>
     <span class='ocr_line' id='line_1_33' title="bbox 414 3802 1932 3890; baseline -0.001 -21"><span class='ocrx_word' id='word_1_176' title='bbox 414 3805 756 3869; x_wconf 79' lang='lat' dir='ltr'>dictatore</span> <span class='ocrx_word' id='word_1_177' title='bbox 802 3803 1037 3890; x_wconf 85' lang='lat' dir='ltr'>signati</span> <span class='ocrx_word' id='word_1_178' title='bbox 1079 3806 1269 3887; x_wconf 82' lang='lat' dir='ltr'>sunt,</span> <span class='ocrx_word' id='word_1_179' title='bbox 1322 3807 1466 3871; x_wconf 88' lang='lat' dir='ltr'>alia</span> <span class='ocrx_word' id='word_1_180' title='bbox 1500 3804 1647 3881; x_wconf 81' lang='lat' dir='ltr'>fere</span> <span class='ocrx_word' id='word_1_181' title='bbox 1685 3802 1773 3873; x_wconf 80' lang='lat' dir='ltr'>est</span> <span class='ocrx_word' id='word_1_182' title='bbox 1790 3802 1932 3869; x_wconf 85' lang='lat' dir='ltr'>for·</span> 
     </span>
     <span class='ocr_line' id='line_1_34' title="bbox 415 3900 1934 3988; baseline -0.001 -21"><span class='ocrx_word' id='word_1_183' title='bbox 415 3921 572 3979; x_wconf 88' lang='lat' dir='ltr'>ma,</span> <span class='ocrx_word' id='word_1_184' title='bbox 626 3912 695 3967; x_wconf 89' lang='lat' dir='ltr'>et</span> <span class='ocrx_word' id='word_1_185' title='bbox 733 3901 1185 3988; x_wconf 73' lang='lat' dir='ltr'>inscriptionis</span> <span class='ocrx_word' id='word_1_186' title='bbox 1217 3905 1353 3969; x_wconf 85' lang='lat' dir='ltr'>lex.</span> <span class='ocrx_word' id='word_1_187' title='bbox 1469 3902 1675 3986; x_wconf 86' lang='lat' dir='ltr'>Quod</span> <span class='ocrx_word' id='word_1_188' title='bbox 1717 3900 1934 3968; x_wconf 81' lang='lat' dir='ltr'>existi-</span> 
     </span>
     <span class='ocr_line' id='line_1_35' title="bbox 412 3977 1939 4086; baseline -0.001 -21"><span class='ocrx_word' id='word_1_189' title='bbox 412 4010 563 4065; x_wconf 89' lang='lat' dir='ltr'>mat</span> <span class='ocrx_word' id='word_1_190' title='bbox 597 3977 1166 4085; x_wconf 64' lang='lat' dir='ltr'>havercampus,</span> <span class='ocrx_word' id='word_1_191' title='bbox 1237 4002 1520 4086; x_wconf 82' lang='lat' dir='ltr'>direptis</span> <span class='ocrx_word' id='word_1_192' title='bbox 1597 4000 1939 4085; x_wconf 76' lang='lat' dir='ltr'>Scipionis</span> 
     </span>
     <span class='ocr_line' id='line_1_36' title="bbox 414 4092 1937 4177; baseline -0.002 -14"><span class='ocrx_word' id='word_1_193' title='bbox 414 4092 645 4163; x_wconf 85' lang='lat' dir='ltr'>castris</span> <span class='ocrx_word' id='word_1_194' title='bbox 680 4098 822 4177; x_wconf 85' lang='lat' dir='ltr'>ejus</span> <span class='ocrx_word' id='word_1_195' title='bbox 859 4109 1175 4162; x_wconf 88' lang='lat' dir='ltr'>monetae</span> <span class='ocrx_word' id='word_1_196' title='bbox 1211 4099 1531 4162; x_wconf 85' lang='lat' dir='ltr'>matrices</span> <span class='ocrx_word' id='word_1_197' title='bbox 1570 4098 1643 4162; x_wconf 90' lang='lat' dir='ltr'>in</span> <span class='ocrx_word' id='word_1_198' title='bbox 1693 4095 1937 4161; x_wconf 89' lang='lat' dir='ltr'>Caesa·</span> 
     </span>
     <span class='ocr_line' id='line_1_37' title="bbox 411 4192 1939 4273; baseline 0.001 -17"><span class='ocrx_word' id='word_1_199' title='bbox 411 4212 774 4257; x_wconf 89' lang='lat' dir='ltr'>reanorum</span> <span class='ocrx_word' id='word_1_200' title='bbox 813 4213 1057 4258; x_wconf 87' lang='lat' dir='ltr'>manus</span> <span class='ocrx_word' id='word_1_201' title='bbox 1098 4193 1460 4273; x_wconf 76' lang='lat' dir='ltr'>deveniss&#39;e,</span> <span class='ocrx_word' id='word_1_202' title='bbox 1519 4205 1587 4258; x_wconf 91' lang='lat' dir='ltr'>et</span> <span class='ocrx_word' id='word_1_203' title='bbox 1619 4192 1791 4257; x_wconf 81' lang='lat' dir='ltr'>istud</span> <span class='ocrx_word' id='word_1_204' title='bbox 1817 4194 1939 4258; x_wconf 80' lang='lat' dir='ltr'>hu·</span> 
     </span>
     <span class='ocr_line' id='line_1_38' title="bbox 411 4289 1939 4370; baseline 0.001 -20"><span class='ocrx_word' id='word_1_205' title='bbox 411 4292 516 4370; x_wconf 77' lang='lat' dir='ltr'>ius</span> <span class='ocrx_word' id='word_1_206' title='bbox 564 4293 811 4357; x_wconf 87' lang='lat' dir='ltr'>erroris</span> <span class='ocrx_word' id='word_1_207' title='bbox 843 4294 1250 4358; x_wconf 84' lang='lat' dir='ltr'>monetariis</span> <span class='ocrx_word' id='word_1_208' title='bbox 1284 4289 1706 4356; x_wconf 75' lang='lat' dir='ltr'>occasionem</span> <span class='ocrx_word' id='word_1_209' title='bbox 1728 4289 1939 4355; x_wconf 83' lang='lat' dir='ltr'>dedis·</span> 
     </span>
     <span class='ocr_line' id='line_1_39' title="bbox 416 4385 1943 4475; baseline 0.005 -29"><span class='ocrx_word' id='word_1_210' title='bbox 416 4385 479 4447; x_wconf 87' lang='lat' dir='ltr'>se</span> <span class='ocrx_word' id='word_1_211' title='bbox 516 4430 535 4461; x_wconf 91' lang='lat'>,</span> <span class='ocrx_word' id='word_1_212' title='bbox 579 4387 656 4451; x_wconf 87' lang='lat' dir='ltr'>in</span> <span class='ocrx_word' id='word_1_213' title='bbox 709 4385 980 4472; x_wconf 83' lang='lat' dir='ltr'>frigidis</span> <span class='ocrx_word' id='word_1_214' title='bbox 1059 4390 1469 4473; x_wconf 72' lang='lat' dir='ltr'>coniecturis</span> <span class='ocrx_word' id='word_1_215' title='bbox 1537 4400 1746 4475; x_wconf 88' lang='lat' dir='ltr'>puto,</span> <span class='ocrx_word' id='word_1_216' title='bbox 1832 4389 1943 4453; x_wconf 89' lang='lat' dir='ltr'>cui</span> 
     </span>
     <span class='ocr_line' id='line_1_40' title="bbox 416 4483 1944 4561; baseline 0.002 -16"><span class='ocrx_word' id='word_1_217' title='bbox 416 4500 620 4546; x_wconf 89' lang='lat' dir='ltr'>nemo</span> <span class='ocrx_word' id='word_1_218' title='bbox 668 4486 988 4549; x_wconf 84' lang='lat' dir='ltr'>cordatus</span> <span class='ocrx_word' id='word_1_219' title='bbox 1011 4483 1237 4550; x_wconf 63' lang='lat' dir='ltr'>facile</span> <span class='ocrx_word' id='word_1_220' title='bbox 1269 4486 1617 4552; x_wconf 86' lang='lat' dir='ltr'>adsensum</span> <span class='ocrx_word' id='word_1_221' title='bbox 1652 4486 1944 4561; x_wconf 80' lang='lat' dir='ltr'>dederit,</span> 
     </span>
    </p>
   </div>
   <div class='ocr_carea' id='block_1_3' title="bbox 321 4660 889 4766">
    <p class='ocr_par' dir='ltr' id='par_1_6' title="bbox 321 4660 889 4766">
     <span class='ocr_line' id='line_1_41' title="bbox 321 4660 889 4766; baseline 0 -20"><span class='ocrx_word' id='word_1_222' title='bbox 321 4660 326 4663; x_wconf 21' lang='grc' dir='ltr'>ι</span> <span class='ocrx_word' id='word_1_223' title='bbox 405 4732 420 4761; x_wconf 56' lang='lat'>4</span> <span class='ocrx_word' id='word_1_224' title='bbox 501 4695 556 4760; x_wconf 78' lang='lat' dir='ltr'>a)</span> <span class='ocrx_word' id='word_1_225' title='bbox 594 4691 726 4766; x_wconf 75' lang='lat' dir='ltr'>Peg.</span> <span class='ocrx_word' id='word_1_226' title='bbox 761 4703 889 4761; x_wconf 79' lang='lat'><strong>338.</strong></span> 
     </span>
    </p>
   </div>
   <div class='ocr_carea' id='block_1_4' title="bbox 1733 1201 1943 1292">
    <p class='ocr_par' dir='ltr' id='par_1_7' title="bbox 1733 1201 1943 1292">
     <span class='ocr_line' id='line_1_42' title="bbox 1733 1201 1943 1292; baseline 0.01 -2"><span class='ocrx_word' id='word_1_227' title='bbox 1733 1201 1943 1292; x_wconf 84' lang='lat' dir='ltr'>(M⁰·.</span> 
     </span>
    </p>
   </div>
   <div class='ocr_carea' id='block_1_5' title="bbox 3434 641 3535 710">
    <p class='ocr_par' dir='ltr' id='par_1_8' title="bbox 3434 641 3535 710">
     <span class='ocr_line' id='line_1_43' title="bbox 3434 641 3535 710; baseline 0.059 -6"><span class='ocrx_word' id='word_1_228' title='bbox 3434 641 3535 710; x_wconf 60' lang='lat'>³3</span> 
     </span>
    </p>
   </div>
   <div class='ocr_carea' id='block_1_6' title="bbox 2004 804 3538 2447">
    <p class='ocr_par' dir='ltr' id='par_1_9' title="bbox 2004 804 3532 1458">
     <span class='ocr_line' id='line_1_44' title="bbox 2102 804 3528 884; baseline 0.006 -8"><span class='ocrx_word' id='word_1_229' title='bbox 2102 810 2407 876; x_wconf 86' lang='lat' dir='ltr'>Adversa</span> <span class='ocrx_word' id='word_1_230' title='bbox 2438 808 2625 874; x_wconf 88' lang='lat' dir='ltr'>numi</span> <span class='ocrx_word' id='word_1_231' title='bbox 2665 808 2789 878; x_wconf 86' lang='grc' dir='ltr'><strong>ΙΙΙ.</strong></span> <span class='ocrx_word' id='word_1_232' title='bbox 2843 804 2932 874; x_wconf 81' lang='lat' dir='ltr'>est</span> <span class='ocrx_word' id='word_1_233' title='bbox 2971 828 3063 875; x_wconf 74' lang='lat' dir='ltr'>ex</span> <span class='ocrx_word' id='word_1_234' title='bbox 3107 809 3329 877; x_wconf 86' lang='lat' dir='ltr'>numis</span> <span class='ocrx_word' id='word_1_235' title='bbox 3374 812 3528 884; x_wconf 78' lang='lat' dir='ltr'>Sex.</span> 
     </span>
     <span class='ocr_line' id='line_1_45' title="bbox 2004 903 3527 995; baseline -0.002 -23"><span class='ocrx_word' id='word_1_236' title='bbox 2004 909 2319 995; x_wconf 85' lang='lat' dir='ltr'>Pompeji</span> <span class='ocrx_word' id='word_1_237' title='bbox 2357 909 2427 972; x_wconf 93' lang='lat' dir='ltr'>in</span> <span class='ocrx_word' id='word_1_238' title='bbox 2479 905 2715 971; x_wconf 87' lang='lat' dir='ltr'>Sicilia</span> <span class='ocrx_word' id='word_1_239' title='bbox 2751 903 2960 985; x_wconf 87' lang='lat' dir='ltr'>cusis,</span> <span class='ocrx_word' id='word_1_240' title='bbox 3013 907 3252 973; x_wconf 81' lang='lat' dir='ltr'>aversa</span> <span class='ocrx_word' id='word_1_241' title='bbox 3289 930 3375 976; x_wconf 85' lang='lat' dir='ltr'>ex</span> <span class='ocrx_word' id='word_1_242' title='bbox 3406 932 3527 978; x_wconf 84' lang='lat' dir='ltr'>nu.</span> 
     </span>
     <span class='ocr_line' id='line_1_46' title="bbox 2007 1002 3527 1090; baseline 0.003 -20"><span class='ocrx_word' id='word_1_243' title='bbox 2007 1006 2137 1074; x_wconf 90' lang='lat' dir='ltr'>mis</span> <span class='ocrx_word' id='word_1_244' title='bbox 2172 1006 2274 1068; x_wconf 88' lang='lat' dir='ltr'>M.</span> <span class='ocrx_word' id='word_1_245' title='bbox 2315 1003 2597 1070; x_wconf 84' lang='lat' dir='ltr'>Antonii</span> <span class='ocrx_word' id='word_1_246' title='bbox 2628 1004 2697 1074; x_wconf 81' lang='lat' dir='ltr'>in</span> <span class='ocrx_word' id='word_1_247' title='bbox 2748 1002 3026 1074; x_wconf 76' lang='lat' dir='ltr'>Oriente</span> <span class='ocrx_word' id='word_1_248' title='bbox 3071 1005 3256 1070; x_wconf 79' lang='lat' dir='ltr'>haud</span> <span class='ocrx_word' id='word_1_249' title='bbox 3296 1006 3527 1090; x_wconf 82' lang='lat' dir='ltr'>dubie,</span> 
     </span>
     <span class='ocr_line' id='line_1_47' title="bbox 2010 1100 3532 1187; baseline 0.007 -22"><span class='ocrx_word' id='word_1_250' title='bbox 2010 1114 2078 1165; x_wconf 88' lang='lat' dir='ltr'>et</span> <span class='ocrx_word' id='word_1_251' title='bbox 2113 1101 2309 1166; x_wconf 81' lang='lat' dir='ltr'>caeso</span> <span class='ocrx_word' id='word_1_252' title='bbox 2350 1101 2621 1187; x_wconf 86' lang='lat' dir='ltr'>quidem</span> <span class='ocrx_word' id='word_1_253' title='bbox 2642 1103 2785 1182; x_wconf 87' lang='lat' dir='ltr'>jam</span> <span class='ocrx_word' id='word_1_254' title='bbox 2808 1100 3140 1186; x_wconf 71' lang='lat' dir='ltr'>Pompeio</span> <span class='ocrx_word' id='word_1_255' title='bbox 3174 1105 3532 1187; x_wconf 81' lang='lat' dir='ltr'>percussis.</span> 
     </span>
     <span class='ocr_line' id='line_1_48' title="bbox 2010 1197 3528 1286; baseline 0.004 -23"><span class='ocrx_word' id='word_1_256' title='bbox 2010 1198 2169 1281; x_wconf 87' lang='lat' dir='ltr'>Quo</span> <span class='ocrx_word' id='word_1_257' title='bbox 2211 1198 2414 1286; x_wconf 84' lang='lat' dir='ltr'>igitur</span> <span class='ocrx_word' id='word_1_258' title='bbox 2451 1209 2660 1283; x_wconf 89' lang='lat' dir='ltr'>pacto</span> <span class='ocrx_word' id='word_1_259' title='bbox 2693 1198 3011 1263; x_wconf 83' lang='lat' dir='ltr'>matrices</span> <span class='ocrx_word' id='word_1_260' title='bbox 3057 1197 3143 1263; x_wconf 90' lang='lat' dir='ltr'>sic</span> <span class='ocrx_word' id='word_1_261' title='bbox 3182 1198 3528 1286; x_wconf 82' lang='lat' dir='ltr'>distantes,</span> 
     </span>
     <span class='ocr_line' id='line_1_49' title="bbox 2006 1293 3530 1392; baseline 0.003 -32"><span class='ocrx_word' id='word_1_262' title='bbox 2006 1309 2078 1360; x_wconf 88' lang='lat' dir='ltr'>et</span> <span class='ocrx_word' id='word_1_263' title='bbox 2120 1295 2443 1378; x_wconf 80' lang='lat' dir='ltr'>inimicae</span> <span class='ocrx_word' id='word_1_264' title='bbox 2472 1296 2658 1358; x_wconf 83' lang='lat' dir='ltr'>idem</span> <span class='ocrx_word' id='word_1_265' title='bbox 2714 1293 3233 1392; x_wconf 82' lang='lat' dir='ltr'>contubernium</span> <span class='ocrx_word' id='word_1_266' title='bbox 3280 1312 3530 1367; x_wconf 83' lang='lat' dir='ltr'>nactae</span> 
     </span>
     <span class='ocr_line' id='line_1_50' title="bbox 2007 1391 2214 1458; baseline -0.01 0"><span class='ocrx_word' id='word_1_267' title='bbox 2007 1391 2155 1458; x_wconf 89' lang='lat' dir='ltr'>sunt</span> <span class='ocrx_word' id='word_1_268' title='bbox 2183 1393 2214 1456; x_wconf 66' lang='grc' dir='ltr'><em>ἲ</em></span> 
     </span>
    </p>

    <p class='ocr_par' dir='ltr' id='par_1_10' title="bbox 2007 1481 3538 2447">
     <span class='ocr_line' id='line_1_51' title="bbox 2108 1481 3531 1575; baseline 0.005 -22"><span class='ocrx_word' id='word_1_269' title='bbox 2108 1484 2544 1553; x_wconf 85' lang='lat' dir='ltr'>Manifestum</span> <span class='ocrx_word' id='word_1_270' title='bbox 2568 1481 2658 1553; x_wconf 84' lang='lat' dir='ltr'>est</span> <span class='ocrx_word' id='word_1_271' title='bbox 2693 1488 2938 1575; x_wconf 87' lang='lat' dir='ltr'>igitur,</span> <span class='ocrx_word' id='word_1_272' title='bbox 2987 1486 3344 1556; x_wconf 81' lang='lat' dir='ltr'>fortuitam</span> <span class='ocrx_word' id='word_1_273' title='bbox 3380 1513 3531 1560; x_wconf 83' lang='lat' dir='ltr'>ma-</span> 
     </span>
     <span class='ocr_line' id='line_1_52' title="bbox 2007 1586 3533 1670; baseline 0.005 -20"><span class='ocrx_word' id='word_1_274' title='bbox 2007 1587 2255 1650; x_wconf 88' lang='lat' dir='ltr'>tricum</span> <span class='ocrx_word' id='word_1_275' title='bbox 2291 1586 2863 1670; x_wconf 84' lang='lat' dir='ltr'>permutationem</span> <span class='ocrx_word' id='word_1_276' title='bbox 2912 1606 2957 1651; x_wconf 84' lang='lat' dir='ltr'>a</span> <span class='ocrx_word' id='word_1_277' title='bbox 3019 1587 3219 1653; x_wconf 79' lang='lat' dir='ltr'>viris,</span> <span class='ocrx_word' id='word_1_278' title='bbox 3248 1591 3533 1658; x_wconf 69' lang='lat' dir='ltr'>eruditis</span> 
     </span>
     <span class='ocr_line' id='line_1_53' title="bbox 2007 1678 3532 1770; baseline 0.006 -25"><span class='ocrx_word' id='word_1_279' title='bbox 2007 1682 2434 1769; x_wconf 84' lang='lat' dir='ltr'>praetensam</span> <span class='ocrx_word' id='word_1_280' title='bbox 2511 1693 2653 1746; x_wconf 90' lang='lat' dir='ltr'>tam</span> <span class='ocrx_word' id='word_1_281' title='bbox 2739 1678 2948 1747; x_wconf 85' lang='lat' dir='ltr'>facile</span> <span class='ocrx_word' id='word_1_282' title='bbox 2996 1686 3532 1770; x_wconf 80' lang='lat' dir='ltr'>permittendam</span> 
     </span>
     <span class='ocr_line' id='line_1_54' title="bbox 2010 1779 3532 1870; baseline 0.005 -27"><span class='ocrx_word' id='word_1_283' title='bbox 2010 1799 2149 1844; x_wconf 90' lang='lat' dir='ltr'>non</span> <span class='ocrx_word' id='word_1_284' title='bbox 2192 1779 2344 1845; x_wconf 80' lang='lat' dir='ltr'>esse.</span> <span class='ocrx_word' id='word_1_285' title='bbox 2442 1781 2792 1856; x_wconf 83' lang='lat' dir='ltr'>Adverto‚</span> <span class='ocrx_word' id='word_1_286' title='bbox 2861 1800 3107 1845; x_wconf 90' lang='lat' dir='ltr'>numos</span> <span class='ocrx_word' id='word_1_287' title='bbox 3178 1783 3253 1845; x_wconf 91' lang='lat' dir='ltr'>id</span> <span class='ocrx_word' id='word_1_288' title='bbox 3317 1803 3532 1870; x_wconf 77' lang='lat' dir='ltr'>genus</span> 
     </span>
     <span class='ocr_line' id='line_1_55' title="bbox 2009 1873 3534 1964; baseline 0.004 -23"><span class='ocrx_word' id='word_1_289' title='bbox 2009 1876 2347 1962; x_wconf 83' lang='lat' dir='ltr'>hybridas</span> <span class='ocrx_word' id='word_1_290' title='bbox 2391 1873 2538 1941; x_wconf 88' lang='lat' dir='ltr'>fere</span> <span class='ocrx_word' id='word_1_291' title='bbox 2568 1874 2829 1962; x_wconf 85' lang='lat' dir='ltr'>semper</span> <span class='ocrx_word' id='word_1_292' title='bbox 2876 1876 3113 1962; x_wconf 88' lang='lat' dir='ltr'>aliqua</span> <span class='ocrx_word' id='word_1_293' title='bbox 3167 1877 3264 1941; x_wconf 85' lang='lat' dir='ltr'>sui</span> <span class='ocrx_word' id='word_1_294' title='bbox 3332 1894 3534 1964; x_wconf 88' lang='lat' dir='ltr'>parte</span> 
     </span>
     <span class='ocr_line' id='line_1_56' title="bbox 2010 1972 3538 2061; baseline 0.003 -23"><span class='ocrx_word' id='word_1_295' title='bbox 2010 1985 2338 2061; x_wconf 82' lang='lat' dir='ltr'>peccare3</span> <span class='ocrx_word' id='word_1_296' title='bbox 2391 1983 2511 2038; x_wconf 88' lang='lat' dir='ltr'>aut</span> <span class='ocrx_word' id='word_1_297' title='bbox 2558 1972 2739 2036; x_wconf 86' lang='lat' dir='ltr'>enim</span> <span class='ocrx_word' id='word_1_298' title='bbox 2793 1972 2943 2037; x_wconf 90' lang='lat' dir='ltr'>sunt</span> <span class='ocrx_word' id='word_1_299' title='bbox 2996 1972 3337 2039; x_wconf 87' lang='lat' dir='ltr'>subaerati</span> <span class='ocrx_word' id='word_1_300' title='bbox 3361 2023 3382 2056; x_wconf 83' lang='lat'>,</span> <span class='ocrx_word' id='word_1_301' title='bbox 3457 1990 3538 2043; x_wconf 87' lang='lat' dir='ltr'>ut</span> 
     </span>
     <span class='ocr_line' id='line_1_57' title="bbox 2009 2069 3535 2156; baseline 0.003 -20"><span class='ocrx_word' id='word_1_302' title='bbox 2009 2090 2255 2136; x_wconf 87' lang='lat' dir='ltr'>numus</span> <span class='ocrx_word' id='word_1_303' title='bbox 2300 2071 2548 2136; x_wconf 88' lang='lat' dir='ltr'>citatus</span> <span class='ocrx_word' id='word_1_304' title='bbox 2592 2069 3011 2156; x_wconf 64' lang='lat' dir='ltr'>Egnatuleii,</span> <span class='ocrx_word' id='word_1_305' title='bbox 3066 2083 3185 2135; x_wconf 88' lang='lat' dir='ltr'>aut</span> <span class='ocrx_word' id='word_1_306' title='bbox 3251 2069 3384 2137; x_wconf 77' lang='lat' dir='ltr'>sive</span> <span class='ocrx_word' id='word_1_307' title='bbox 3459 2076 3535 2141; x_wconf 76' lang='lat' dir='ltr'>in</span> 
     </span>
     <span class='ocr_line' id='line_1_58' title="bbox 2008 2164 3534 2256; baseline 0.002 -23"><span class='ocrx_word' id='word_1_308' title='bbox 2008 2168 2443 2256; x_wconf 87' lang='lat' dir='ltr'>inscriptione</span> <span class='ocrx_word' id='word_1_309' title='bbox 2467 2214 2488 2245; x_wconf 87' lang='lat'><strong>,</strong></span> <span class='ocrx_word' id='word_1_310' title='bbox 2540 2164 2672 2231; x_wconf 81' lang='lat' dir='ltr'>five</span> <span class='ocrx_word' id='word_1_311' title='bbox 2707 2164 2975 2232; x_wconf 77' lang='lat' dir='ltr'>fabrica</span> <span class='ocrx_word' id='word_1_312' title='bbox 3016 2167 3281 2253; x_wconf 85' lang='lat' dir='ltr'>aliquid</span> <span class='ocrx_word' id='word_1_313' title='bbox 3314 2167 3407 2234; x_wconf 86' lang='lat' dir='ltr'>est</span> <span class='ocrx_word' id='word_1_314' title='bbox 3431 2171 3534 2236; x_wconf 87' lang='lat' dir='ltr'>hi-</span> 
     </span>
     <span class='ocr_line' id='line_1_59' title="bbox 2010 2266 3537 2352; baseline 0.002 -22"><span class='ocrx_word' id='word_1_315' title='bbox 2010 2266 2241 2330; x_wconf 89' lang='lat' dir='ltr'>ulcum</span> <span class='ocrx_word' id='word_1_316' title='bbox 2285 2283 2715 2352; x_wconf 88' lang='lat' dir='ltr'>pravumque</span> <span class='ocrx_word' id='word_1_317' title='bbox 2757 2283 2802 2328; x_wconf 86' lang='lat' dir='ltr'>a</span> <span class='ocrx_word' id='word_1_318' title='bbox 2858 2267 3219 2352; x_wconf 79' lang='lat' dir='ltr'>prototypi</span> <span class='ocrx_word' id='word_1_319' title='bbox 3298 2278 3537 2333; x_wconf 80' lang='lat' dir='ltr'>tenore</span> 
     </span>
     <span class='ocr_line' id='line_1_60' title="bbox 2010 2359 3533 2447; baseline 0.004 -23"><span class='ocrx_word' id='word_1_320' title='bbox 2010 2360 2384 2439; x_wconf 74' lang='lat' dir='ltr'>abludenS,</span> <span class='ocrx_word' id='word_1_321' title='bbox 2437 2371 2511 2422; x_wconf 89' lang='lat' dir='ltr'>ut</span> <span class='ocrx_word' id='word_1_322' title='bbox 2556 2361 2627 2422; x_wconf 91' lang='lat' dir='ltr'>in</span> <span class='ocrx_word' id='word_1_323' title='bbox 2671 2359 3008 2444; x_wconf 90' lang='lat' dir='ltr'>producto</span> <span class='ocrx_word' id='word_1_324' title='bbox 3061 2362 3403 2447; x_wconf 83' lang='lat' dir='ltr'>Scipionis</span> <span class='ocrx_word' id='word_1_325' title='bbox 3436 2366 3533 2429; x_wconf 80' lang='lat' dir='ltr'>A·</span> 
     </span>
    </p>
   </div>
   <div class='ocr_carea' id='block_1_7' title="bbox 2014 2453 3542 2634">
    <p class='ocr_par' dir='ltr' id='par_1_11' title="bbox 2014 2453 3542 2634">
     <span class='ocr_line' id='line_1_61' title="bbox 2014 2453 3539 2547; baseline 0.006 -31"><span class='ocrx_word' id='word_1_326' title='bbox 2014 2454 2295 2539; x_wconf 84' lang='lat' dir='ltr'>fiagenis</span> <span class='ocrx_word' id='word_1_327' title='bbox 2326 2473 2560 2520; x_wconf 85' lang='lat' dir='ltr'>numo.</span> <span class='ocrx_word' id='word_1_328' title='bbox 2659 2453 2957 2538; x_wconf 85' lang='lat' dir='ltr'>Reliqui,</span> <span class='ocrx_word' id='word_1_329' title='bbox 3004 2477 3176 2540; x_wconf 86' lang='lat' dir='ltr'>quos</span> <span class='ocrx_word' id='word_1_330' title='bbox 3206 2459 3539 2547; x_wconf 76' lang='lat' dir='ltr'>descripsi,</span> 
     </span>
     <span class='ocr_line' id='line_1_62' title="bbox 2014 2547 3542 2634; baseline 0.007 -21"><span class='ocrx_word' id='word_1_331' title='bbox 2014 2561 2239 2613; x_wconf 88' lang='lat' dir='ltr'>utrum</span> <span class='ocrx_word' id='word_1_332' title='bbox 2296 2550 2599 2631; x_wconf 87' lang='lat' dir='ltr'>ejusdem</span> <span class='ocrx_word' id='word_1_333' title='bbox 2646 2547 2768 2611; x_wconf 88' lang='lat' dir='ltr'>sint</span> <span class='ocrx_word' id='word_1_334' title='bbox 2823 2548 3073 2628; x_wconf 79' lang='lat' dir='ltr'>farris,</span> <span class='ocrx_word' id='word_1_335' title='bbox 3132 2553 3542 2634; x_wconf 84' lang='lat' dir='ltr'>judicabunt</span> 
     </span>
    </p>
   </div>
   <div class='ocr_carea' id='block_1_8' title="bbox 2012 2644 3550 3124">
    <p class='ocr_par' dir='ltr' id='par_1_12' title="bbox 2012 2644 3550 3124">
     <span class='ocr_line' id='line_1_63' title="bbox 2014 2644 3545 2734; baseline 0.006 -25"><span class='ocrx_word' id='word_1_336' title='bbox 2014 2646 2108 2732; x_wconf 87' lang='lat' dir='ltr'>ii,</span> <span class='ocrx_word' id='word_1_337' title='bbox 2160 2645 2276 2731; x_wconf 90' lang='lat' dir='ltr'>qui</span> <span class='ocrx_word' id='word_1_338' title='bbox 2319 2644 2476 2709; x_wconf 88' lang='lat' dir='ltr'>illos</span> <span class='ocrx_word' id='word_1_339' title='bbox 2528 2644 2890 2731; x_wconf 85' lang='lat' dir='ltr'>possident.</span> <span class='ocrx_word' id='word_1_340' title='bbox 3005 2646 3112 2711; x_wconf 84' lang='lat' dir='ltr'>Ex</span> <span class='ocrx_word' id='word_1_341' title='bbox 3176 2668 3314 2734; x_wconf 87' lang='lat' dir='ltr'>quo</span> <span class='ocrx_word' id='word_1_342' title='bbox 3379 2650 3545 2719; x_wconf 87' lang='lat' dir='ltr'>licet</span> 
     </span>
     <span class='ocr_line' id='line_1_64' title="bbox 2013 2738 3547 2831; baseline 0.004 -23"><span class='ocrx_word' id='word_1_343' title='bbox 2013 2743 2384 2831; x_wconf 88' lang='lat' dir='ltr'>colligere,</span> <span class='ocrx_word' id='word_1_344' title='bbox 2436 2738 2999 2808; x_wconf 66' lang='lat' dir='ltr'>claude-[finarum</span> <span class='ocrx_word' id='word_1_345' title='bbox 3034 2745 3266 2831; x_wconf 89' lang='lat' dir='ltr'>potius</span> <span class='ocrx_word' id='word_1_346' title='bbox 3317 2745 3547 2814; x_wconf 76' lang='lat' dir='ltr'>offici-</span> 
     </span>
     <span class='ocr_line' id='line_1_65' title="bbox 2012 2836 3548 2926; baseline 0.002 -23"><span class='ocrx_word' id='word_1_347' title='bbox 2012 2850 2531 2926; x_wconf 35' lang='lat' dir='ltr'>narum‘partns</span> <span class='ocrx_word' id='word_1_348' title='bbox 2577 2836 2975 2919; x_wconf 86' lang='lat' dir='ltr'>habendos,</span> <span class='ocrx_word' id='word_1_349' title='bbox 3050 2860 3290 2906; x_wconf 89' lang='lat' dir='ltr'>eorum</span> <span class='ocrx_word' id='word_1_350' title='bbox 3369 2864 3548 2911; x_wconf 76' lang='lat' dir='ltr'>vero</span> 
     </span>
     <span class='ocr_line' id='line_1_66' title="bbox 2014 2935 3545 3025; baseline 0.005 -24"><span class='ocrx_word' id='word_1_351' title='bbox 2014 2956 2159 3001; x_wconf 89' lang='lat' dir='ltr'>non·</span> <span class='ocrx_word' id='word_1_352' title='bbox 2186 2955 2488 3025; x_wconf 86' lang='lat' dir='ltr'>paucos,</span> <span class='ocrx_word' id='word_1_353' title='bbox 2533 2935 2809 3020; x_wconf 85' lang='lat' dir='ltr'>quando</span> <span class='ocrx_word' id='word_1_354' title='bbox 2865 2937 3083 3025; x_wconf 85' lang='lat' dir='ltr'>magis</span> <span class='ocrx_word' id='word_1_355' title='bbox 3121 2937 3269 3003; x_wconf 89' lang='lat' dir='ltr'>sunt</span> <span class='ocrx_word' id='word_1_356' title='bbox 3305 2941 3545 3007; x_wconf 52' lang='lat' dir='ltr'>incon,</span> 
     </span>
     <span class='ocr_line' id='line_1_67' title="bbox 2015 3032 3550 3124; baseline 0.005 -25"><span class='ocrx_word' id='word_1_357' title='bbox 2015 3036 2232 3119; x_wconf 79' lang='lat' dir='ltr'>cinni,</span> <span class='ocrx_word' id='word_1_358' title='bbox 2279 3035 2353 3098; x_wconf 90' lang='lat' dir='ltr'>in</span> <span class='ocrx_word' id='word_1_359' title='bbox 2388 3032 2843 3121; x_wconf 72' lang='lat' dir='ltr'>barbarorum</span> <span class='ocrx_word' id='word_1_360' title='bbox 2880 3032 3129 3122; x_wconf 83' lang='lat' dir='ltr'>plagiis</span> <span class='ocrx_word' id='word_1_361' title='bbox 3156 3039 3550 3124; x_wconf 77' lang='lat' dir='ltr'>putandos,</span> 
     </span>
    </p>
   </div>
   <div class='ocr_carea' id='block_1_9' title="bbox 1985 3129 3551 3219">
    <p class='ocr_par' dir='ltr' id='par_1_13' title="bbox 1985 3129 3551 3219">
     <span class='ocr_line' id='line_1_68' title="bbox 1985 3129 3551 3219; baseline 0.003 -24"><span class='ocrx_word' id='word_1_362' title='bbox 1985 3132 2103 3196; x_wconf 80' lang='lat' dir='ltr'>&#39;de</span> <span class='ocrx_word' id='word_1_363' title='bbox 2146 3130 2389 3217; x_wconf 88' lang='lat' dir='ltr'>quibus</span> <span class='ocrx_word' id='word_1_364' title='bbox 2433 3131 2540 3215; x_wconf 87' lang='lat' dir='ltr'>egi</span> <span class='ocrx_word' id='word_1_365' title='bbox 2590 3129 2745 3195; x_wconf 87' lang='lat' dir='ltr'>Vol.</span> <span class='ocrx_word' id='word_1_366' title='bbox 2808 3129 2929 3195; x_wconf 87' lang='lat' dir='ltr'>IV.</span> <span class='ocrx_word' id='word_1_367' title='bbox 2971 3151 3132 3219; x_wconf 87' lang='lat' dir='ltr'>pag.</span> <span class='ocrx_word' id='word_1_368' title='bbox 3205 3137 3386 3216; x_wconf 82' lang='lat'>176,</span> <span class='ocrx_word' id='word_1_369' title='bbox 3473 3149 3551 3205; x_wconf 80' lang='lat' dir='ltr'>et</span> 
     </span>
    </p>
   </div>
   <div class='ocr_carea' id='block_1_10' title="bbox 2014 3226 3559 4571">
    <p class='ocr_par' dir='ltr' id='par_1_14' title="bbox 2014 3226 3559 4571">
     <span class='ocr_line' id='line_1_69' title="bbox 2016 3226 3545 3314; baseline 0.003 -23"><span class='ocrx_word' id='word_1_370' title='bbox 2016 3228 2207 3314; x_wconf 88' lang='lat' dir='ltr'>quod</span> <span class='ocrx_word' id='word_1_371' title='bbox 2241 3226 2689 3310; x_wconf 87' lang='lat' dir='ltr'>consequitur,</span> <span class='ocrx_word' id='word_1_372' title='bbox 2738 3226 2868 3290; x_wconf 88' lang='lat' dir='ltr'>hos</span> <span class='ocrx_word' id='word_1_373' title='bbox 2906 3229 3147 3314; x_wconf 90' lang='lat' dir='ltr'>populi</span> <span class='ocrx_word' id='word_1_374' title='bbox 3173 3234 3545 3303; x_wconf 85' lang='lat' dir='ltr'>numisma-</span> 
     </span>
     <span class='ocr_line' id='line_1_70' title="bbox 2015 3322 3544 3415; baseline 0.004 -26"><span class='ocrx_word' id='word_1_375' title='bbox 2015 3323 2139 3390; x_wconf 77' lang='lat' dir='ltr'>tici</span> <span class='ocrx_word' id='word_1_376' title='bbox 2169 3322 2454 3389; x_wconf 86' lang='lat' dir='ltr'>abortus</span> <span class='ocrx_word' id='word_1_377' title='bbox 2493 3323 2723 3408; x_wconf 88' lang='lat' dir='ltr'>inique</span> <span class='ocrx_word' id='word_1_378' title='bbox 2763 3322 2857 3386; x_wconf 91' lang='lat' dir='ltr'>ad</span> <span class='ocrx_word' id='word_1_379' title='bbox 2887 3323 3306 3415; x_wconf 83' lang='lat' dir='ltr'>philologiae</span> <span class='ocrx_word' id='word_1_380' title='bbox 3347 3330 3544 3397; x_wconf 82' lang='lat' dir='ltr'>crisin</span> 
     </span>
     <span class='ocr_line' id='line_1_71' title="bbox 2017 3417 3546 3506; baseline 0.005 -21"><span class='ocrx_word' id='word_1_381' title='bbox 2017 3421 2375 3485; x_wconf 83' lang='lat' dir='ltr'>advocari.</span> <span class='ocrx_word' id='word_1_382' title='bbox 2477 3417 2634 3500; x_wconf 87' lang='lat' dir='ltr'>Qua</span> <span class='ocrx_word' id='word_1_383' title='bbox 2690 3419 2760 3480; x_wconf 91' lang='lat' dir='ltr'>in</span> <span class='ocrx_word' id='word_1_384' title='bbox 2820 3437 2894 3480; x_wconf 89' lang='lat' dir='ltr'>re</span> <span class='ocrx_word' id='word_1_385' title='bbox 2961 3424 3262 3506; x_wconf 81' lang='lat' dir='ltr'>graviter</span> <span class='ocrx_word' id='word_1_386' title='bbox 3331 3426 3546 3492; x_wconf 83' lang='lat' dir='ltr'>video</span> 
     </span>
     <span class='ocr_line' id='line_1_72' title="bbox 2017 3514 3546 3603; baseline 0.002 -24"><span class='ocrx_word' id='word_1_387' title='bbox 2017 3516 2366 3600; x_wconf 74' lang='lat' dir='ltr'>deliquisse</span> <span class='ocrx_word' id='word_1_388' title='bbox 2452 3514 3010 3598; x_wconf 79' lang='lat' dir='ltr'>Havercampum</span> <span class='ocrx_word' id='word_1_389' title='bbox 3038 3563 3058 3595; x_wconf 88' lang='lat'><strong>,</strong></span> <span class='ocrx_word' id='word_1_390' title='bbox 3142 3521 3259 3603; x_wconf 91' lang='lat' dir='ltr'>qui</span> <span class='ocrx_word' id='word_1_391' title='bbox 3297 3567 3319 3599; x_wconf 91' lang='lat'><strong>,</strong></span> <span class='ocrx_word' id='word_1_392' title='bbox 3387 3542 3546 3589; x_wconf 82' lang='lat' dir='ltr'>cum</span> 
     </span>
     <span class='ocr_line' id='line_1_73' title="bbox 2020 3610 3545 3705; baseline 0.007 -30"><span class='ocrx_word' id='word_1_393' title='bbox 2020 3613 2327 3676; x_wconf 87' lang='lat' dir='ltr'>animum</span> <span class='ocrx_word' id='word_1_394' title='bbox 2356 3630 2496 3675; x_wconf 91' lang='lat' dir='ltr'>non</span> <span class='ocrx_word' id='word_1_395' title='bbox 2550 3610 2975 3689; x_wconf 80' lang='lat' dir='ltr'>adverteret,</span> <span class='ocrx_word' id='word_1_396' title='bbox 3060 3614 3131 3675; x_wconf 88' lang='lat' dir='ltr'>in</span> <span class='ocrx_word' id='word_1_397' title='bbox 3199 3615 3545 3705; x_wconf 85' lang='lat' dir='ltr'>descripto</span> 
     </span>
     <span class='ocr_line' id='line_1_74' title="bbox 2020 3705 3547 3794; baseline 0.006 -24"><span class='ocrx_word' id='word_1_398' title='bbox 2020 3706 2223 3794; x_wconf 89' lang='lat' dir='ltr'>supra</span> <span class='ocrx_word' id='word_1_399' title='bbox 2259 3706 2421 3773; x_wconf 72' lang='lat' dir='ltr'>Sex·</span> <span class='ocrx_word' id='word_1_400' title='bbox 2460 3705 2769 3790; x_wconf 76' lang='lat' dir='ltr'>Pompeii</span> <span class='ocrx_word' id='word_1_401' title='bbox 2792 3722 2999 3769; x_wconf 86' lang='lat' dir='ltr'>numo</span> <span class='ocrx_word' id='word_1_402' title='bbox 3045 3722 3312 3793; x_wconf 83' lang='lat' dir='ltr'>partem</span> <span class='ocrx_word' id='word_1_403' title='bbox 3352 3732 3547 3780; x_wconf 83' lang='lat' dir='ltr'>aver·</span> 
     </span>
     <span class='ocr_line' id='line_1_75' title="bbox 2014 3802 3544 3888; baseline 0.004 -17"><span class='ocrx_word' id='word_1_404' title='bbox 2014 3805 2158 3871; x_wconf 87' lang='lat' dir='ltr'>sam</span> <span class='ocrx_word' id='word_1_405' title='bbox 2193 3804 2286 3870; x_wconf 90' lang='lat' dir='ltr'>ad</span> <span class='ocrx_word' id='word_1_406' title='bbox 2302 3803 2795 3867; x_wconf 87' lang='lat' dir='ltr'>M.Antonium</span> <span class='ocrx_word' id='word_1_407' title='bbox 2819 3802 3180 3888; x_wconf 87' lang='lat' dir='ltr'>pertinere,</span> <span class='ocrx_word' id='word_1_408' title='bbox 3232 3807 3544 3876; x_wconf 80' lang='lat' dir='ltr'>adserere</span> 
     </span>
     <span class='ocr_line' id='line_1_76' title="bbox 2016 3898 3550 3988; baseline -0.003 -18"><span class='ocrx_word' id='word_1_409' title='bbox 2016 3922 2160 3970; x_wconf 83' lang='lat' dir='ltr'>non</span> <span class='ocrx_word' id='word_1_410' title='bbox 2189 3901 2574 3978; x_wconf 82' lang='lat' dir='ltr'>dubitavit,</span> <span class='ocrx_word' id='word_1_411' title='bbox 2625 3899 2783 3965; x_wconf 82' lang='lat' dir='ltr'>Sex.</span> <span class='ocrx_word' id='word_1_412' title='bbox 2825 3898 3232 3988; x_wconf 79' lang='lat' dir='ltr'>Pompeium</span> <span class='ocrx_word' id='word_1_413' title='bbox 3266 3917 3372 3969; x_wconf 90' lang='lat' dir='ltr'>ter</span> <span class='ocrx_word' id='word_1_414' title='bbox 3432 3904 3550 3971; x_wconf 86' lang='lat' dir='ltr'>fu..</span> 
     </span>
     <span class='ocr_line' id='line_1_77' title="bbox 2021 3996 3549 4091; baseline 0.003 -27"><span class='ocrx_word' id='word_1_415' title='bbox 2021 3999 2141 4064; x_wconf 82' lang='lat' dir='ltr'>isl&#39;e</span> <span class='ocrx_word' id='word_1_416' title='bbox 2176 3999 2643 4064; x_wconf 87' lang='lat' dir='ltr'>adclamatum</span> <span class='ocrx_word' id='word_1_417' title='bbox 2687 3996 3197 4083; x_wconf 82' lang='lat' dir='ltr'>imperatorem.</span> <span class='ocrx_word' id='word_1_418' title='bbox 3248 4000 3314 4086; x_wconf 76' lang='lat'>⁸)</span> <span class='ocrx_word' id='word_1_419' title='bbox 3366 4003 3549 4091; x_wconf 87' lang='lat' dir='ltr'>Ergo</span> 
     </span>
     <span class='ocr_line' id='line_1_78' title="bbox 2023 4092 3548 4186; baseline 0.004 -25"><span class='ocrx_word' id='word_1_420' title='bbox 2023 4096 2293 4181; x_wconf 89' lang='lat' dir='ltr'>quoties</span> <span class='ocrx_word' id='word_1_421' title='bbox 2325 4092 2634 4159; x_wconf 85' lang='lat' dir='ltr'>familiae</span> <span class='ocrx_word' id='word_1_422' title='bbox 2679 4094 2743 4157; x_wconf 89' lang='lat' dir='ltr'>se</span> <span class='ocrx_word' id='word_1_423' title='bbox 2782 4113 3024 4160; x_wconf 87' lang='lat' dir='ltr'>numus</span> <span class='ocrx_word' id='word_1_424' title='bbox 3061 4096 3287 4179; x_wconf 84' lang='lat' dir='ltr'>offert,</span> <span class='ocrx_word' id='word_1_425' title='bbox 3341 4102 3548 4186; x_wconf 81' lang='lat' dir='ltr'>quiin</span> 
     </span>
     <span class='ocr_line' id='line_1_79' title="bbox 2025 4190 3552 4279; baseline 0.004 -20"><span class='ocrx_word' id='word_1_426' title='bbox 2025 4192 2266 4259; x_wconf 83' lang='lat' dir='ltr'>aversa</span> <span class='ocrx_word' id='word_1_427' title='bbox 2315 4204 2555 4278; x_wconf 81' lang='lat' dir='ltr'>typum</span> <span class='ocrx_word' id='word_1_428' title='bbox 2622 4190 2878 4271; x_wconf 84' lang='lat' dir='ltr'>habet,</span> <span class='ocrx_word' id='word_1_429' title='bbox 2956 4214 3161 4279; x_wconf 89' lang='lat' dir='ltr'>quem</span> <span class='ocrx_word' id='word_1_430' title='bbox 3218 4197 3552 4266; x_wconf 80' lang='lat' dir='ltr'>hactenus</span> 
     </span>
     <span class='ocr_line' id='line_1_80' title="bbox 2024 4288 3551 4375; baseline 0.004 -21"><span class='ocrx_word' id='word_1_431' title='bbox 2024 4310 2184 4355; x_wconf 91' lang='lat' dir='ltr'>cum</span> <span class='ocrx_word' id='word_1_432' title='bbox 2226 4289 2459 4354; x_wconf 86' lang='lat' dir='ltr'>antica</span> <span class='ocrx_word' id='word_1_433' title='bbox 2498 4288 2825 4354; x_wconf 90' lang='lat' dir='ltr'>sociatum</span> <span class='ocrx_word' id='word_1_434' title='bbox 2856 4308 2993 4355; x_wconf 87' lang='lat' dir='ltr'>non</span> <span class='ocrx_word' id='word_1_435' title='bbox 3030 4292 3551 4375; x_wconf 84' lang='lat' dir='ltr'>vidimus,frau-</span> 
     </span>
     <span class='ocr_line' id='line_1_81' title="bbox 2026 4385 3556 4474; baseline 0.004 -22"><span class='ocrx_word' id='word_1_436' title='bbox 2026 4389 2184 4452; x_wconf 89' lang='lat' dir='ltr'>dem</span> <span class='ocrx_word' id='word_1_437' title='bbox 2238 4385 2448 4471; x_wconf 87' lang='lat' dir='ltr'>jubeo</span> <span class='ocrx_word' id='word_1_438' title='bbox 2506 4388 2832 4451; x_wconf 90' lang='lat' dir='ltr'>continuo</span> <span class='ocrx_word' id='word_1_439' title='bbox 2869 4385 3208 4473; x_wconf 82' lang='lat' dir='ltr'>suspicari.</span> <span class='ocrx_word' id='word_1_440' title='bbox 3357 4391 3556 4474; x_wconf 88' lang='lat' dir='ltr'>Quae</span> 
     </span>
     <span class='ocr_line' id='line_1_82' title="bbox 2031 4482 3559 4571; baseline 0.004 -22"><span class='ocrx_word' id='word_1_441' title='bbox 2031 4486 2309 4569; x_wconf 89' lang='lat' dir='ltr'>quidem</span> <span class='ocrx_word' id='word_1_442' title='bbox 2340 4483 2697 4571; x_wconf 80' lang='lat' dir='ltr'>diligenter</span> <span class='ocrx_word' id='word_1_443' title='bbox 2752 4482 3117 4550; x_wconf 78' lang='lat' dir='ltr'>observata</span> <span class='ocrx_word' id='word_1_444' title='bbox 3187 4488 3416 4553; x_wconf 88' lang='lat' dir='ltr'>multis</span> <span class='ocrx_word' id='word_1_445' title='bbox 3487 4502 3559 4555; x_wconf 87' lang='lat' dir='ltr'>te</span> 
     </span>
    </p>
   </div>
  </div>
 </body>
</html>
