4175 5450
1791 515 2610 636 PETRONIA..,

1414 723 1561 811 jam
1599 725 1757 787 enim
1784 741 1934 787 vero

694 813 1054 906 lapadeam
1087 815 1338 886 ’κάεσθαι
1355 819 1577 911 fuiffls
1594 824 1864 885 tunicam
1891 815 1967 885 ob
1998 837 2128 882 ma-

1267 915 1590 1005 1a,quae
1623 919 1930 1006 patrasti,

606 1104 684 1171 id
717 1089 843 1173 esti
894 1107 1208 1195 lapidibus
1224 1106 1487 1175 obrutus
1503 1107 1739 1199 fm'ffes.
1836 1106 2125 1172 Denari-

526 1227 535 1232 ·
612 1223 693 1267 us
716 1203 890 1269 alter
928 1221 1136 1292 caput
1178 1199 1517 1270 Feroniae
1558 1205 1751 1283 sistit,
1825 1223 2035 1288 quam
2082 1222 2128 1265 a

609 1298 883 1366 Sabinis
933 1304 1223 1381 cultam,
1277 1302 1670 1387 dictamque
1728 1320 1773 1364 a
1841 1298 2124 1364 Graecis

556 1457 563 1465 .
612 1398 1002 1482 Ανθηφορον,
1054 1399 1514 1478 Φιλοςεφαιον,
1568 1397 1958 1481 Φερσεφονην
1989 1408 2126 1460 tra·

611 1492 789 1555 didit
823 1492 1186 1579 Dionylius
1214 1493 1444 1559 Halic.
1496 1499 1555 1572 ἱ)
1620 1493 1988 1558 Feroniam
2023 1511 2130 1555 ur·

609 1584 813 1667 bem,
863 1610 1042 1675 quae
1088 1592 1330 1654 eodem
1398 1589 1674 1653 nomine
1718 1589 1920 1653 deam
1982 1609 2128 1653 ma-

609 1703 748 1770 gna
782 1684 1112 1771 religione
1145 1686 1390 1768 coluit,
1440 1685 1559 1751 sub
1587 1697 1815 1749 monte
1842 1686 2127 1751 Soracte

606 1779 899 1863 politam
928 1781 1138 1846 refert
1169 1782 1442 1847 Strabo.
1546 1785 1962 1870 Argumenta
2004 1781 2124 1846 Sa-

605 1872 807 1953 bina,
859 1897 1104 1965 nempe
1129 1880 1418 1944 eandem
1440 1879 1685 1944 iterum
1718 1880 2124 1966 Tarpeiam,

604 1982 674 2034 et
708 1972 1115 2039 Sabinarum
1153 1988 1468 2062 raptum,
1534 1977 1696 2041 vide
1759 1976 1829 2042 in
1902 1978 2125 2041 numis

612 2067 902 2146 Titurii,
940 2074 1072 2155 .qui
1108 2071 1400 2136 Sabinus
1436 2084 1506 2136 et
1526 2074 1664 2158 ipse
1710 2071 1867 2159 fuit,
1915 2084 1985 2137 et
2002 2093 2123 2161 ap-

594 2162 904 2248 'pellatus
948 2164 1037 2229 est
1072 2186 1292 2250 aeque
1345 2187 1430 2231 ac
1472 2168 1853 2233 Petronius.

1356 2262 1388 2294 ἢ

899 2313 1275 2425 CAESAR.
1340 2312 1842 2425 AvG'x'rsTvs.
1906 2355 2126 2444 anns

897 2466 1085 2542 caput
1130 2452 1382 2531 nudam,

603 2552 677 2620 P.
705 2549 1652 2617 PETRON.TVRP1L1AN.
1686 2549 1969 2614 111v1R.
2009 2548 2122 2615 se-

490 2687 501 2694 ·
601 2671 716 2717 ren
740 2651 923 2737 flans
965 2648 1236 2740 singulis
1263 2645 1554 2715 manibus
1588 2645 1880 2739 fingulas
1932 2645 2122 2714 tubas

604 2758 788 2814 tenet.
889 2748 1038 2814 AR.
1084 2748 1174 2825 R..

699 2846 801 2907 En
844 2844 1153 2908 Sirenum
1200 2861 1428 2922 unam,
1481 2862 1853 2929 earumque
1887 2838 2115 2908 secun·

602 2941 765 3004 dum
802 2952 1105 3007 veterum
1146 2939 1472 3026 figmenta
1503 2959 1741 3005 verum
1775 2940 2114 3019 habitum,

594 3056 772 3122 quas
809 3034 1115 3099 Acheloo
1152 3049 1218 3100 et
1233 3035 1703 3122 Terplichore,
1751 3037 2115 3100 secundum

594 3134 776 3198 alios
813 3132 1127 3219 Calliope
1178 3133 1375 3196 Musa
1413 3135 1918 3217 progenitas-ut
1956 3152 2111 3219 pro-

590 3242 750 3316 pter
783 3241 1021 3293 cantus
1053 3227 1410 3291 illecebras
1443 3228 1801 3305 amabiles,
1829 3231 1928 3292 ita
1957 3249 2111 3312 pro-

592 3336 751 3411 pter
797 3324 1172 3387 collocatas
1213 3323 1506 3411 incautis
1558 3322 1829 3385 infidias
1890 3323 2111 3384 inimi-

3596 546 3754 610 271:

2208 722 2343 807 gia.
2442 718 2710 786 stantes
2742 716 2810 781 in
2849 730 3180 783 concentu
3208 730 3393 798 tres,
3442 732 3513 788 et
3566 741 3722 789 cum

2204 816 2450 880 iisdem
2501 815 2667 902 artis
2719 812 3165 881 instrumentis
3227 818 3484 883 videre?
3524 820 3722 907 saepe

2208 910 2300 976 est
2338 913 2410 975 in
2447 922 2752 976 veterum
2789 912 3198 996 anaglyphis
3225 954 3245 991 ,
3310 933 3395 977 ac
3462 918 3722 999 praeci.

2205 1028 2341 1094 pue
2412 1007 2862 1072 Etruscorum·
2893 1007 3327 1094 sarcophagis
3360 1057 3380 1087 ,
3464 1010 3723 1078 sociato

2203 1104 2606 1189 plerumque
2627 1103 2853 1187 Vlyss'e
2886 1104 3050 1166 navi
3078 1118 3279 1169 vecto
3311 1106 3611 1195 religatis
3632 1110 3726 1175 ad

2205 1199 2839 1263 malum.manibus.
2936 1199 3113 1265 Vide
3204 1202 3289 1265 de
3373 1202 3721 1271 sirenibus

2204 1295 2408 1380 plura
2448 1297 2566 1359 ad.
2618 1313 2862 1360 numos
2945 1298 3246 1381 Apterae
3306 1296 3551 1364 Cretae
3577 1349 3599 1384 ,
3654 1313 3726 1367 et

2205 1391 2537 1476 Neapolis
2586 1390 3046 1479 Campaniae,
3097 1405 3167 1457 et
3217 1397 3403 1482 apud
3439 1398 3720 1482 Apollo-

2207 1484 2483 1569 nium,⁰)
2503 1490 2782 1574 ejusque
2800 1487 3243 1556 scholiastem.
3344 1492 3724 1565 Anaxilaus
3746 1541 3753 1556 .

2175 1583 2395 1674 ‘apud
2431 1584 2896 1664 Athenaeum,
2948 1575 3015 1668 ὅ)
3069 1587 3228 1651 dum
3258 1579 3551 1656 Theano
3586 1610 3725 1654 me-

2207 1679 2521 1743 retricem
2557 1681 2775 1746 Sireni
2812 1694 3209 1767 comparat,
3262 1683 3348 1750 fic
3393 1705 3545 1749 eam
3629 1687 3722 1751 le-

2153 1825 2168 1832 -
2209 1776 2371 1861 pide
2443 1776 2800 1844 describit·
2853 1770 2892 1861 ἡ
2948 1782 3170 1845 Oeam
3227 1779 3284 1843 δ’
3332 1774 3446 1863 &xi
3505 1784 3725 1868 Σειρην

2206 1871 2330 1942 ssu.
2355 1863 2827 1956 ἀποτετιλμενης
2875 1877 3123 1958 τλεμμα
3156 1894 3263 1942 και
3312 1880 3489 1958 φωιη
3517 1893 3721 1953 γυναι-

2204 1988 2341 2048 κος,
2390 1989 2471 2033 τα
2506 1974 2694 2051 σκελη
2728 1968 2795 2034 δε
2826 1964 3120 2052 κοψιχιι.Ι
3196 1968 3447 2037 mano
3475 1989 3727 2039 veram

2201 2084 2331 2130 non
2369 2065 2563 2131 Siren
2583 2065 2753 2153 vulsa
2780 2067 2857 2151 ql}
2871 2065 2909 2132 ἓ
2953 2065 3227 2156 typum
3252 2076 3312 2133 et
3339 2089 3470 2136 vox
3493 2069 3723 2134 mulie-

2202 2164 2303 2226 ris
2331 2208 2353 2239 ,
2401 2182 2597 2228 crura
2635 2162 2924 2229 merulae.
3025 2162 3164 2227 Cur
3191 2175 3400 2250 typus
3469 2165 3737 2232 Sirenis

2201 2257 2272 2319 in
2307 2257 2611 2322 Petronii
2655 2260 2876 2323 numis
2931 2273 3377 2346 compareat,
3451 2265 3719 2349 ignoro.

2204 2350 2344 2433 Qui
2378 2371 2461 2415 eo
2494 2354 2783 2418 indicari
2820 2367 3066 2440 putant
3094 2356 3203 2419 seu
3228 2357 3590 2423 deductam
3628 2358 3723 2425 ab

2200 2445 2495 2535 Augusto
2555 2447 2808 2514 Cumas
2856 2448 3244 2531 coloniam,
3295 2452 3406 2515 seu
3479 2452 3720 2518 instau-

2201 2556 2425 2608 ratam
2456 2544 2823 2635 Neapolin,
2857 2546 3148 2612 incertis
3171 2550 3584 2633 conjecturis
3620 2549 3722 2615 ni-

2199 2652 2452 2709 tuntur.

2932 2742 2965 2778 ιι

2295 2837 2524 2918 Numi,
2574 2838 2647 2901 in
2668 2837 2913 2927 quibus
2946 2838 3714 2926 Armentagenuflexa—

2195 2933 2682 3026 Parthusfigna
2712 2934 2974 3002 reddens
3001 2971 3099 2984 —
3133 2939 3518 3022 Imperator
3547 2939 3744 3025 bigis·

2195 3029 2654 3118 elephantorum
2689 3041 2929 3111 vectus,
2983 3032 3362 3119 similesque
3421 3033 3540 3099 alii
3601 3055 3716 3099 ex-

2194 3126 2365 3194 stant
2389 3177 2409 3208 ,
2463 3148 2617 3193 cum
2685 3127 2954 3214 Augusti
3025 3143 3184 3194 acta
3260 3130 3667 3215 eloquantur
3689 3179 3711 3211 ,

2194 3224 2718 3311 explicabuntur
2798 3226 2890 3288 ad
2955 3245 3205 3289 annum
3261 3229 3344 3290 V.
3395 3226 3468 3292 C.
3548 3240 3713 3310 734.

2193 3326 2613 3406 Argumenta
2633 3314 2778 3385 alia
2811 3319 3059 3384 dubia:
3094 3322 3374 3407 Pegasus
3393 3355 3488 3370 -·-
3510 3323 3709 3410 Astra

596 3438 717 3483 cas
738 3417 933 3481 finxit
961 3417 1355 3500 antiquitas.
1455 3416 1606 3479 Stat
1632 3436 1750 3479 ore
1775 3417 2111 3500 virgineo,
2173 3415 2333 3503 solis
2377 3424 2436 3478 et
2493 3416 2673 3481 lunae
2720 3448 2820 3462 —-·
2884 3415 3085 3501 Caput
3132 3416 3363 3482 Baccha·
3411 3452 3509 3467 --
3585 3419 3726 3485 Vir

592 3514 791 3578 nexis
823 3505 1131 3575 humero
1148 3511 1315 3589 alis,
1367 3509 1628 3575 inferne
1660 3512 1731 3574 in
1761 3511 2110 3587 volucrem
2190 3509 2399 3575 nudus
2424 3508 2825 3598 humisedm
2849 3546 2948 3557 —
2999 3512 3219 3597 Lyra,
3273 3531 3447 3594 quae
3473 3494 3710 3578 omnia

596 3608 926 3688 desinens,
977 3621 1047 3672 et
1066 3606 1321 3671 tubas
1300 3627 1372 3670 ιιι
1400 3619 1670 3671 cantum
1691 3604 2112 3693 praeferens,

590 3706 950 3797 nimirum,
1004 3717 1080 3768 ut
1108 3704 1208 3768 ait
1239 3702 1553 3782 Servius,
1571 3691 1629 3783 ¹’)
1680 3704 1951 3768 Sirenes
1974 3716 2111 3768 tres

388 3890 389 3905 χ
464 3840 473 3844 -
589 3801 828 3879 fuere,
881 3800 1127 3866 harum
1165 3820 1303 3864 una
1335 3818 1553 3877 voce,
1587 3800 1824 3865 altera
1867 3801 2126 3881 tibiis,

594 3898 739 3964 alia
770 3899 930 3985 lyra
965 3894 1284 3975 canebat,
1335 3908 1405 3960 et
1430 3895 1652 3981 primo
1686 3899 1878 3980 iuxta
1914 3897 2114 3961 Pelo-

593 4014 746 4058 rum
776 4040 799 4073 ,
848 3992 996 4081 post
1025 3995 1095 4058 in
1146 3991 1430 4078 Capreis
1491 3990 1704 4056 insula
1749 3992 2116 4057 habitave-

594 4103 776 4155 runt.
872 4092 1189 4167 Revera,
1240 4090 1378 4167 ait,
1446 4086 1639 4151 fuiss‘e
1684 4090 2116 4167 meretrices,

599 4205 781 4270 quae
815 4188 980 4270 quia
1012 4197 1436 4250 transeuntes
1475 4186 1565 4249 ad
1627 4183 1874 4263 incitas
1929 4186 2119 4249 rede-

596 4295 882 4369 gerunt,
930 4282 1037 4345 his
1079 4281 1281 4347 fictae
1332 4280 1478 4345 sunt
1543 4276 1796 4344 inferre
1843 4278 2121 4346 naufra-

665 4517 727 4582 ἃ)
762 4517 829 4578 L.
866 4518 970 4572 111.
1009 4538 1067 4592 p,
1108 4536 1224 4590 ²73.

592 4604 674 4645 m.
708 4600 833 4659 558.

1346 4588 1375 4599 θ
1487 4519 1549 4589 b)
1587 4519 1662 4576 ad
1697 4522 1843 4579 Aen.
1882 4520 1953 4577 V.
1991 4521 2117 4584 864.

2192 3606 2560 3687 incertum,
2613 3621 2836 3671 utrum
2874 3606 3275 3695 Augustum.
3327 3630 3417 3675 an
3475 3612 3706 3676 Petro·

2192 3703 2378 3767 nium
2418 3701 2795 3789 respiciant.

2353 3964 2362 3973 .
2756 3947 2789 3981 t
3115 3948 3148 3982 ἴ

2290 3992 2682 4057 Petronium
2722 3995 3187 4078 proconsulem
3227 3997 3414 4064 Aliae
3453 3998 3566 4061 sub
3587 4000 3712 4059 Τί-

2198 4087 2392 4152 berio
2435 4091 2593 4153 vide
2624 4091 2690 4157 in
2728 4094 2944 4175 num-is
2986 4093 3353 4177 Smyrnae,
3408 4098 3706 4161 Petroni-

2203 4205 2314 4248 um
2357 4187 2819 4271 proconsulem
2862 4189 3101 4271 Syriae
3134 4190 3249 4254 sub
3293 4190 3582 4257 Claudio
3645 4196 3708 4254 in

2202 4284 2421 4349 numis
2460 4285 2862 4349 Antiochiae
2896 4285 3159 4369 Syriae.

2373 4521 2424 4590 θ)
2461 4520 2531 4584 L.
2570 4521 2678 4584 IV.
2732 4541 2791 4585 v.
2825 4533 2950 4593 89²·
2985 4532 3018 4549 ’·
3212 4521 3272 4591 d)
3308 4524 3374 4579 L.
3429 4526 3598 4585 xm.
3657 4549 3688 4597 ι·
