4175 5450
203 1013 216 1066 ἡ
292 992 424 1054 mis
462 992 676 1057 literis
706 993 896 1059 fuiss'e
930 1009 1309 1060 exaratum.

1526 81 2184 209 mmo-m

286 323 537 408 perium
570 323 849 417 intulaffe.
945 317 1266 414 l'ntelligit
1299 337 1528 392 autem
1581 324 1803 391 Servi-

271 435 412 483 ‘um
451 421 824 507 Sulpicium
883 419 1197 488 Galbam.

289 517 473 581 ratio
505 514 633 591 est,
686 538 805 581 cur
861 519 927 581 in
1003 521 1110 582 his
1151 520 1445 583 denariis
1510 535 1800 604 praeno-

290 629 454 675 men
481 610 849 678 SERVIVS
886 615 1084 700 plene
1117 613 1485 693 scribatur,
1536 632 1692 677 cum
1731 631 1801 675 a·

288 703 423 769 lias
467 710 918 792 praenomina
971 709 1409 796 paucioribus
1467 709 1680 772 literis
1723 704 1798 767 fi-

288 800 423 863 niri
462 802 946 883 consueverint,
975 818 1044 870 et
1080 806 1315 870 diserte
1334 801 1599 868 testetur
1612 804 1801 866 Plut-

296 896 543 960 archus
568 944 587 975 ,
613 904 670 976 ¹)
718 916 1136 984 praenomen
1171 900 1386 966 Servii
1418 899 1634 963 tribus
1666 900 1798 984 pri·

1430 995 1600 1077 Quis
1658 992 1802 1057 fue·

291 1086 385 1149 rit
416 1086 527 1151 hic
559 1088 640 1151 L.
676 1090 949 1156 Servius
982 1091 1199 1157 Rufus
1219 1140 1238 1170 ‚
1290 1111 1428 1155 non
1461 1091 1615 1154 satis
1642 1108 1801 1152 con·

293 1178 438 1243 stat.
539 1182 936 1251 Existimant
996 1189 1282 1267 eruditi,
1350 1186 1540 1250 fuiss’e
1582 1182 1798 1248 filium

292 1274 436 1340 Ser.
465 1276 746 1364 Sulpicii
783 1282 936 1345 Rufi
988 1283 1271 1347 celebris
1309 1280 1799 1365 jurisconsulti,

293 1386 364 1437 et
417 1373 761 1438 Ciceronis
797 1378 1038 1456 amici,
1105 1383 1292 1460 cujus
1335 1398 1485 1443 cum
1523 1396 1606 1442 eo
1652 1376 1798 1439 lite·

286 1488 519 1534 rarum
562 1475 1042 1537 commercium
1082 1487 1355 1550 notum,
1403 1473 1522 1559 qui
1573 1469 1802 1534 consul

288 1567 375 1629 V.
407 1564 487 1629 C.
521 1585 657 1649 7⁰3
692 1566 967 1632 subinde
1019 1568 1323 1633 Caesaris
1382 1581 1610 1655 partes
1651 1587 1799 1631 am-

289 1659 537 1754 plexus
580 1662 649 1723 in
724 1662 1063 1746 legatione
1107 1667 1201 1728 ad
1266 1666 1365 1731 M.
1426 1664 1800 1727 Antonium

292 1768 605 1839 tempore
641 1756 799 1819 belli
833 1759 1222 1822 Mutinensis
1260 1760 1475 1836 obiit,
1528 1780 1615 1821 ex
1662 1779 1799 1841 quo

295 1847 624 1913 Cicerone
675 1865 1034 1950 perorante
1078 1865 1224 1916 tota
1257 1854 1644 1937 Philippica
1682 1853 1800 1914 IX.

295 1943 511 2007 statua
550 1947 612 2007 ei
661 1933 979 2030 pedestris
1020 1967 1236 2011 aenea
1260 1947 1477 2033 polita
1505 1945 1615 2030 est,
1666 1966 1804 2031 quo

289 2039 450 2103 loco
488 2061 530 2102 a
556 2039 886 2103 Cicerone
922 2056 1251 2107 vocatur.
1304 2043 1449 2108 Ser.
1491 2043 1806 2128 Sulpicius

297 2136 376 2222 Q.
394 2137 576 2225 filius
609 2137 905 2201 Lemonia
941 2137 1174 2224 Rufus.
1254 2154 1258 2157 ·

385 2231 714 2296 Censuere
744 2231 1085 2318 plerique,
1139 2247 1347 2320 caput
1380 2233 1638 2298 denarii
1666 2236 1798 2319 pri-

289 2328 434 2391 uria
469 2328 601 2390 ess'e
647 2326 842 2407 hujus
872 2328 1071 2415 ipsius
1108 2330 1253 2395 Ser.
1292 2330 1574 2414 Sulpicii
1603 2330 1797 2412 juris·

294 2421 576 2487 consulti
610 2443 655 2486 a
689 2421 832 2486 filio
867 2424 943 2489 L.
972 2424 1211 2489 Servio
1247 2426 1619 2489 memoriae
1642 2444 1797 2489 cau·

291 2517 365 2582 sa
402 2537 607 2581 numo
642 2518 841 2584 illati.
965 2520 1324 2585 Reclamat
1380 2521 1797 2584 Havercam-

291 2633 419 2698 pua
449 2624 729 2699 propter
762 2612 1077 2693 barbam,
1132 2637 1334 2702 quam
1349 2616 1645 2680 Romani
1665 2616 1797 2701 pri·

294 2710 450 2773 dem
492 2708 674 2773 alere
699 2709 1052 2786 delivere3
1123 2711 1553 2776 referendum
1621 2713 1798 2775 adeo

286 2806 516 2889 potius
555 2806 644 2868 ad
711 2808 1184 2893 perantiquum
1239 2808 1380 2871 Ser.
1431 2806 1802 2905 Sulpicium

286 2899 544 2963 Rufum
584 2897 927 2962 tribunum
976 2901 1264 2964 militum
1324 2900 1615 2962 Tusculo
1667 2896 1799 2961 ser-

296 3006 463 3055 vato
505 2991 959 3073 celebratum,
1014 2995 1097 3057 de
1161 3013 1298 3076 quo
1355 3012 1542 3055 moX.
1637 2995 1799 3055 Per-

230 3080 234 3084 *
295 3109 532 3175 peram
556 3134 577 3164 ,
621 3105 784 3150 nam
821 3100 1083 3152 veteres
1116 3089 1219 3151 illi
1243 3087 1582 3164 Romani,
1636 3107 1797 3170 quo-

289 3204 440 3248 rum
461 3201 619 3273 ‘non
651 3201 827 3267 ‘raro
865 3181 1124 3270 effigies
1160 3185 1231 3247 in
1264 3184 1399 3248 hac
1442 3202 1801 3246 numerum

294 3279 492 3344 classe
526 3289 1030 3364 proponuntur,
1096 3293 1172 3343 ut
1225 3278 1305 3346 L.
1361 3278 1554 3341 Bruti
1599 3277 1804 3364 primi

297 3375 621 3456 construe,
674 3372 987 3453 Ahalae,
1056 3376 1481 3459 aliorumque
1511 3422 1532 3452 ,
1585 3373 1801 3461 multo

291 3470 755 3535 liberaliorem
793 3468 1078 3533 barbam
1115 3472 1539 3554 promittunt,
1594 3489 1802 3554 quam

298 3587 473 3650 quae
525 3567 598 3628 in
638 3565 769 3628 boc
806 3566 1086 3628 denario
1155 3567 1375 3629 tenuis
1455 3584 1536 3626 ac
1588 3583 1802 3649 parca

296 3678 504 3747 genas
552 3656 763 3724 vessit.
880 3662 1204 3724 Putarem
1280 3660 1739 3722 Octavianum
1780 3706 1800 3736 ,

298 3758 486 3840 quod
519 3760 656 3836 jam
706 3755 1044 3839 aliquibus
1089 3753 1339 3832 virum,
1390 3754 1505 3818 sed
1537 3773 1670 3816 non
1709 3753 1802 3815 sa·

294 3853 383 3915 tis
415 3852 590 3916 hunc
617 3843 1086 3935 'comprobant
1101 3849 1530 3913 lineamenta.
1582 3849 1805 3911 Litem

367 4085 425 4149 a)
464 4083 681 4205 Quaest.
705 4084 880 4137 —.Rom
1110 4083 1168 4152 b)
1203 4084 1331 4143 Liv
1364 4084 1431 4138 L.
1467 4084 1574 4140 vl.
1612 4100 1656 4136 e.

304 4169 433 4223 pus.
618 4150 778 4221 «ode
814 4150 945 4208 Nat.
981 4150 1132 4208 deor.
1167 4151 1349 4216 1..11
1387 4170 1433 4207 c.
1471 4169 1554 4221 27

1686 4099 1781 4219 ἔθ’
1767 4151 1988 4212 sm...

3262 153 3410 244 ³¹⁹

1895 343 2055 411 ergo
2080 315 2540 436 injudicatam·
2559 322 2938 411 relinquere
2971 322 3175 389 satius
3208 338 3408 411 puto,

1343 428 1568 508 Atque
1630 421 1805 484 haec
1893 421 2079 506 quod
2106 419 2242 484 feci
2279 419 2487 484 etiam
2518 420 2588 483 in
2609 418 2801 486 fimili
2832 420 3034 486 causa
3062 422 3250 532 numi
3274 420 3403 486 A'r·
3493 439 3497 450 ·

1890 516 1973 578 rii
2006 505 2318 579 Secundi.

1985 610 2154 674 Pars
2189 613 2477 675 aversa
2453 634 2593 694 Jam
2649 615 2720 676 in
2759 611 3089 696 judicium
3134 631 3397 678 vocan-

1891 706 2003 770 da.
2108 703 2433 771 Geminos
2475 707 2714 773 stantes
2776 708 2902 783 else
2975 707 3400 787 Dioscuros,

1890 819 2127 865 eorum
2164 801 2384 867 cultus
2443 815 2513 868 et
2587 801 2918 869 attributa
2956 802 3191 887 palam
3256 804 3396 868 elo-

1890 908 2204 980 quuntur.
2299 901 2523 984 Atque
2560 900 2768 964 iidem
2817 898 3220 990 agnoscendi
3279 901 3399 962 eti-

1890 1010 2002 1053 am
2035 1010 2123 1054 ex
2155 991 2396 1057 iisdem
2451 995 2660 1059 caulis
2715 995 2834 1058 in·
2821 994 3075 1058 -antica
3136 993 3399 1057 denarii
3448 978 3470 1000 ‘

1884 1085 1975 1148 11.
2080 1084 2301 1151 Causa
2334 1089 2495 1155 lecti
2547 1090 2745 1172 hujus
2778 1090 2927 1172 typi
2960 1087 3126 1166 fuit,
3210 1089 3401 1174 quod

1885 1173 2162 1246 Servius
2196 1183 2532 1270 Sulpicius
2568 1185 2874 1252 tribunus
2916 1184 3203 1247 militum
3244 1203 3402 1247 con·

1886 1278 2117 1342 sulari·
2128 1278 2452 1361 potestate
2491 1284 2574 1347 V.
2636 1278 2712 1343 C.
2716 1293 2894 1365 378
2939 1278 3302 1343 Tusculum
3354 1299 3402 1344 a

1888 1373 2149 1438 Latinis
2188 1373 2460 1438 infensis
2493 1389 2689 1441 arcta
2722 1375 3067 1441 obsidione
3112 1375 3402 1459 pressum

1888 1489 2043 1533 cum
2081 1472 2385 1533 exercitu
2424 1473 2532 1535 ei?
2580 1463 2746 1534 urbe
2797 1470 3162 1535 adcurrens
3232 1468 3396 1534 libe-

1887 1566 2090 1638 ravit,
2138 1552 2200 1642 ¹’)
2299 1566 2393 1629 At
2448 1563 2705 1630 conflat
2757 1588 2845 1630 ex
2913 1564 3281 1640 Cicerone,
3334 1563 3396 1646 θ)

1892 1661 2120 1726 stetisse
2154 1660 2427 1725 Tusculi
2457 1663 2663 1727 aedes
2702 1658 3024 1737 Castoris,
3077 1673 3146 1723 et
3174 1659 3403 1747 .P⁰¹¹¹²·

1891 1761 1988 1822 cis
2009 1807 2032 1841 ‚
2085 1768 2153 1819 et
2192 1754 2534 1821 Castorem
2569 1760 2640 1821 in
2672 1757 2807 1823 hoc
2840 1756 3103 1842 oppido
3146 1753 3401 1820 cultum

1890 1857 2095 1918 docet
2134 1853 2340 1915 etiam
2372 1851 2621 1915 Festus.
2673 1843 2731 1929 ὅ)
2832 1855 3045 1936 Hujus
3066 1872 3228 1938 ergo
3258 1854 3407 1917 avi·

1887 1953 1940 2013 ti
1977 1948 2257 2011 honoris
2302 1947 2503 2010 causa
2538 1967 2678 2011 non
2716 1950 2925 2012 modo
2959 1949 3241 2026 numina
3256 1949 3394 2011 Tu·
3437 1965 3449 1974 ’

1886 2043 2173 2109 sculanis
2200 2043 2573 2126 praecipua
2629 2042 2956 2127 religione
3001 2042 3191 2104 sacra
3220 2087 3241 2118 ,
3290 2041 3405 2104 sed

1813 2179 1817 2192 ι
1890 2151 1958 2203 et
1997 2137 2142 2223 ipsa
2184 2136 2342 2200 urbs
2385 2137 2747 2201 Tusculum
2799 2139 2867 2199 in
2923 2134 3400 2221 praestanti-ssi·

1889 2255 2006 2298 mo
2041 2232 2258 2295 altero
2300 2251 2507 2295 aureo
2532 2245 3024 2318 proponuntur.
3075 2232 3403 2295 Ad·idem

1888 2341 2356 2413 argumentum
2390 2346 2793 2391 revocamus
2828 2328 3035 2391 etiam
3071 2327 3302 2410 capita
3333 2326 3401 2388 in

1885 2437 2093 2491 ‘numo
2142 2424 2264 2487 111.
2303 2420 2654 2500 exstantia,
2706 2421 2816 2487 etli
2852 2426 3050 2505 juxta
3081 2421 3400 2508 scriptum

1888 2519 1963 2583 fit
1995 2519 2081 2582 D.
2123 2520 2198 2582 P.
2234 2520 2309 2582 P.
2340 2518 2413 2582 id
2452 2516 2577 2582 est:
2631 2519 2758 2583 Dei
2789 2520 3071 2582 Penates.
3203 2516 3398 2579 Simi-

1886 2618 1982 2679 lia
2016 2615 2249 2698 capita
2312 2617 2551 2700 jugata
2600 2615 2911 2678 laureata
2990 2611 3396 2699 imminenti·

1888 2710 2021 2781 bus
2050 2707 2238 2774 astris
2272 2708 2418 2772 sunt
2456 2709 2664 2774 etiam
2702 2709 2788 2797 in·
2816 2708 3111 2773 denariis
3150 2707 3397 2772 Fonte-

1886 2807 1997 2870 iae
2031 2806 2272 2869 addito
2309 2806 2482 2881 PP„

1885 2902 2146 2985 pertius
2179 2901 2252 2965 in
2279 2901 2491 2984 gentis
2534 2902 2781 2963 Antiae
2817 2901 3036 2962 numis
3062 2902 3258 2997 juxta
3280 2916 3401 2960 ca-

1887 2995 2038 3079 pita
2067 2993 2307 3059 itidem
2337 2996 2572 3091 jugata
2620 2995 2864 3079 legitur
2892 2994 3078 3058 DEI..
3100 2982 3398 3055 ΡΕΝΑ-

1888 3086 2080 3151 TES.
2178 3068 2503 3151 Diversa
2484 3109 2555 3151 m
2582 3088 2873 3173 speciem
2906 3088 3210 3167 numina,
3239 3088 3400 3171 quia

1892 3182 2139 3246 aliter·
2119 3202 2188 3245 m
2221 3184 2443 3246 numis
2487 3184 2962 3259 enunciantur,
3026 3162 3244 3269 reipsa
3294 3194 3394 3245 ta-

1893 3296 2048 3341 men
2073 3277 2317 3340 eadem
2352 3277 2498 3345 sunt
2560 3298 2710 3343 cum
2754 3277 3120 3341 Dioscuris.
3223 3278 3395 3341 Fue-

1890 3383 2045 3436 runt
2086 3372 2518 3436 deiPenates
2550 3374 2715 3436 dicti
2748 3372 3107 3437 secundum
3127 3375 3393 3441 Cicero-

1889 3487 2044 3531 uem
2072 3465 2133 3550 ⁸)
2168 3469 2295 3556 five
2334 3488 2376 3531 a
2413 3487 2589 3552 penu
2619 3467 2802 3533 ducto
2830 3473 3069 3533 nomine
3106 3471 3214 3557 (ql
3234 3471 3393 3536 enim

1891 3583 2117 3639 omne,
2166 3584 2286 3649 quo
2323 3564 2639 3653 vescuntur
2674 3562 2947 3629 homines
2966 3612 2986 3643 ,
3033 3565 3265 3649 penus)
3299 3564 3396 3650 st-

1889 3679 1963 3722 ve
2007 3657 2086 3723 ab
2137 3678 2242 3741 eo,
2297 3659 2464 3744 quod
2496 3661 2760 3743 penitus
2802 3661 3095 3746 intimat,
3144 3682 3224 3726 ex
3273 3680 3395 3747 quo

1891 3757 2077 3818 etiam
2093 3754 2451 3838 penetrales
2515 3774 2556 3818 a
2593 3758 2797 3840 poetis
2862 3766 3184 3822 vocantur.
3283 3758 3396 3822 Se·

1892 3850 2185 3912 cundum
2221 3849 2653 3913 Mam-obium
2684 3839 2739 3931 f)
2791 3852 3245 3940 Penates-sunt,
3287 3869 3407 3937 per
3512 3846 3521 3860 “

1975 4086 2029 4141 e)
2068 4082 2139 4135 de
2179 4083 2525 4137 Divinat.1..
2563 4085 2613 4145 1
2651 4102 2698 4145 c
2733 4096 2820 4152 43

3032 4085 3405 4159 d2inSuop·

2022 4150 2086 4213 L
2123 4152 2229 4207 111.
2265 4168 2311 4205 c.
2348 4168 2407 4220 4,·
2910 4163 2931 4199 ·.
3072 4188 3085 4195 ,

2334 4716 2338 4723 ι

154 4794 162 4803 0

1187 4814 1194 4825 α

3448 4830 3455 4837 .

2037 4876 2042 4883 a
2444 4868 2457 4881 Ι

350 4955 356 4961 .
2352 4954 2377 4963 —-

1065 4976 1070 4983 .
2498 4962 2507 4969 ’
3620 4966 3637 4981 Ἶ

2530 2806 2605 2868 id
2650 2804 2777 2869 est.
2827 2805 3112 2871 Penates.
3209 2805 3396 2865 Ata·
3410 2882 3424 2893 Λ
3526 2856 3533 2865 ,
