4175 5450
1553 532 1711 609 PA
1739 531 2197 615 CVVIA.

320 756 493 822 quos
523 736 575 802 1.
615 732 866 800 Caesar
900 732 970 797 in
1001 730 1363 821 Hispanias
1404 729 1842 820 profecturus

321 829 983 912 Romaeconstituit.
1082 831 1255 894 Eassun
1303 831 1435 895 viri
1484 831 1731 894 eruditi
1766 849 1838 892 o-

315 933 667 1019 pinionem
690 929 890 992 latius
924 926 1245 1015 proposui
1280 928 1346 990 in
1378 938 1574 1013 gente
1600 924 1840 1001 Cestia‚

322 1050 531 1112 quam
573 1040 807 1091 tamen
847 1038 919 1087 ut
964 1022 1319 1089 universim
1345 1043 1597 1108 vagam
1644 1033 1712 1086 et
1743 1023 1839 1085 in-

319 1138 541 1189 tutam
577 1124 706 1187 ess'e
768 1122 1048 1205 monui,
1116 1122 1221 1185 ita
1278 1119 1645 1184 adfirmare
1697 1137 1840 1182 non

316 1241 602 1299 vereor,
654 1222 724 1283 in
753 1207 866 1282 'his
915 1218 1126 1303 Oppii
1167 1218 1391 1282 numis
1437 1235 1848 1303 nonparum

320 1318 733 1382 claudicare.
838 1313 1299 1400 Capricornus
1346 1313 1520 1376 enim
1548 1361 1569 1392 ‚
1623 1315 1738 1399 qui
1776 1312 1848 1376 in

320 1412 569 1478 horum
615 1411 955 1476 nonnullis
989 1407 1415 1488 'adstituitur‚
1467 1410 1538 1473 in
1582 1421 1845 1495 tempo·

317 1529 400 1574 ra
433 1512 653 1597 magis
694 1508 842 1573 sera
879 1507 1165 1592 invitat,
1214 1506 1534 1570 nimirum
1571 1503 1846 1593 Augusti

3279 549 3453 636 '865

1921 753 2147 797 rerum
2188 733 2416 819 potiti,
2473 736 2657 817 cujus
2695 738 2942 823 gratia,
2994 754 3064 805 et
3094 738 3276 806 forte
3313 744 3459 809 nni·

1923 849 2000 893 us
2034 841 2326 909 tantum,
2382 831 2642 894 animal
2674 830 2843 898 iliud
2877 839 3103 902 numis
3140 840 3458 919 insertum

1924 924 2034 989 est.
2133 926 2407 991 Deinde
2463 929 2650 991 numi
2702 929 2823 1016 ipsi
2877 932 3217 999 fabricam
3270 940 3463 1004 urbis

1921 1040 2060 1085 non
2104 1021 2382 1087 obscure
2416 1025 2840 1111 inficiantur,
2892 1043 2968 1094 ut
3022 1033 3199 1096 adeo
3238 1036 3460 1121 magis

1928 1116 2004 1182 fit
2063 1118 2422 1186 verifimile
2462 1124 2533 1186 iu
2582 1124 2971 1205 provincia·
2999 1132 3328 1215 quapiam
3382 1132 3466 1194 ii-

1928 1226 2175 1302 gnatos
2203 1262 2223 1293 ‚
2278 1220 2468 1303 quod
2525 1219 2734 1283 etiam
2778 1221 2865 1285 de
2909 1228 3146 1289 aeneis
3230 1227 3461 1292 Clovii

1925 1310 2294 1399 probabile
2331 1312 2520 1396 dixi,
2572 1327 2640 1380 et
2670 1321 2859 1401 cujus
2911 1334 3103 1387 certa
3156 1325 3299 1388 alia
3336 1323 3460 1389 ha-

1926 1408 2167 1474 bemus
2201 1414 2524 1499 exempla
2553 1413 2624 1478 in
2657 1417 2887 1483 aeneis
2924 1417 3207 1487 Catonis
3227 1468 3247 1504 ‚
3300 1419 3477 1501 Lol·-

1928 1505 2048 1585 lii,
2099 1505 2555 1595 aliorumque.
3278 1509 3292 1520 ⁹

947 1784 2800 1922 ΡΑσννιΑυαΡΑρῂιᾼ

416 1989 632 2073 Hujus
682 1987 903 2076 gentis
979 1941 1386 2053 memoriam
1440 1989 1845 2057 conservant
1924 2010 2275 2077 quaquam
2315 1991 2555 2057 dubito
2598 1994 2917 2083 scriptum
2948 2001 3299 2088 PAQVVI
3329 2026 3458 2095 pro

321 2089 511 2153 numi
539 2086 890 2169 sequentes
914 2107 932 2148 ε
1235 2125 1249 2133 -

612 2184 698 2244 A.
723 2179 954 2252 C.1,v.
975 2181 1180 2266 Caput
1200 2181 1839 2250 M.Antoniinudam.

323 2277 409 2361 Q.
451 2275 869 2358 PAQVIVS.
914 2278 1116 2341 RVF.
1171 2276 1372 2344 LEG.
1433 2280 1684 2361 Figura
1741 2290 1844 2345 to-

317 2383 488 2460 gato
507 2370 728 2461 sedens
776 2376 845 2436 in
868 2371 1019 2460 sella
1053 2372 1255 2439 curuli
1292 2375 1357 2436 d.
1403 2370 1686 2439 chartam
1707 2422 1726 2454 ,
1779 2376 1848 2440 ἐπ’

324 2492 514 2559 quam
552 2472 834 2536 intuetur
852 2517 872 2551 ,
922 2469 1092 2537 humi
1142 2490 1288 2536 vas
1306 2517 1331 2555 ‚
1399 2482 1514 2536 aut
1593 2470 1844 2557 globus.

325 2569 472 2631 ΛΕ.
516 2567 635 2630 111.
690 2569 774 2633 R.

427 2665 645 2745 Hujus
682 2664 947 2752 generis
995 2683 1198 2727 unum
1237 2663 1404 2727 olim
1458 2661 1763 2751 vulgavi,
1785 2662 1850 2750 ⁸)

323 2760 645 2826 indicatis
681 2761 1020 2825 nonnullis
1059 2762 1214 2824 aliis
1258 2764 1401 2844 ejus
1440 2763 1853 2848 exemplari-

326 2857 482 2922 buS.
579 2857 746 2921 Dixi
776 2857 914 2939 ibi,
966 2854 1322 2921 verisimile
1373 2859 1638 2936 videri,
1728 2862 1848 2925 ad·

326 2952 563 3018 versae
598 2954 830 3016 literas
872 2952 1238 3038 legendas:
1296 2957 1610 3020 Antonius
1661 2953 1850 3023 Colo-

327 3053 438 3116 nia
476 3050 641 3116 Iulia
671 3051 938 3124 Vienna,
988 3069 1236 3135 nempe
1275 3049 1543 3115 Galliae
1577 3053 1852 3118 Narbo..

324 3145 566 3212 nenIiS.
665 3146 904 3231 Neque
955 3159 1186 3210 tamen
1235 3148 1349 3210 hic
1411 3147 1496 3232 Q.
1551 3151 1852 3235 Paquius

324 3242 549 3306 Rufus
586 3244 755 3308 inter
788 3242 1214 3328 magistratus
1248 3247 1698 3330 municipales
1735 3247 1870 3311 ab:

325 3339 683 3422 leganduS,
716 3341 828 3420 qui
873 3342 940 3401 in
975 3338 1080 3401 his
1111 3339 1745 3430 numnis-manifestus
1770 3340 1859 3403 est

330 3433 434 3496 M.
459 3434 732 3494 Antonii
759 3430 1108 3496 LEGatus.
1200 3431 1382 3496 Gens
1405 3435 1671 3518 Paquia
1697 3435 1856 3497 scri-

330 3524 670 3614 ptoribuS,
695 3529 878 3611 quod
900 3529 1143 3603 norim,
1170 3528 1427 3611 ignota.
1449 3529 1606 3612 Ejus
1624 3542 1856 3593 tamen

337 3623 706 3707 aliquoties
727 3622 1396 3708 meminerelapides.
1463 3626 1666 3712 Apud
1688 3625 1856 3689 Gru·

327 3731 547 3783 terum
587 3720 653 3782 in
703 3740 1046 3784 marmore
1086 3717 1457 3785 Arelatenfi
1495 3723 1737 3809 legitur
1774 3722 1850 3786 C.

327 3814 722 3897 PAQVIVS
748 3865 769 3898 ,
822 3804 889 3899 ¹²)
945 3817 1052 3880 sed
1088 3813 1443 3881 secundum
1467 3819 1854 3904 castigatio-

325 3932 482 3977 nem
525 3910 814 3976 Maffeii.
871 3908 931 3994 θ)
1029 3910 1226 3975 Alios
1267 3915 1494 3978 adhuc
1552 3917 1857 4000 Paquios

329 4007 490 4071 vide
525 4009 593 4071 in
627 4010 850 4072 indice
892 4006 1184 4079 Gruteri,
1285 4008 1520 4075 Exstat
1553 4032 1861 4077 marmor

334 4104 520 4187 apud
552 4106 1048 4168 Muratorium:
1083 4096 1146 4185 ὃ)
1206 4105 1449 4170 OSSA.
1485 4100 1857 4191 PAvil-

1921 2088 2273 2155 PACVVI.
2293 2091 2625 2175 exemplis
2642 2093 3011 2165 innumeris
3028 2102 3223 2196 polit-i
3243 2104 3309 2188 Q
3329 2123 3459 2192 pro

1925 2183 2021 2271 C,
2074 2196 2144 2247 et
2177 2184 2335 2247 satis
2371 2188 2645 2273 cognita
2686 2192 2955 2259 Romae
2990 2212 3187 2284 gente
3238 2203 3456 2266 Pacu·
3536 2258 3543 2264 .

1924 2281 2070 2349 via.
2123 2280 2307 2365 Ergo
2339 2280 2384 2343 fi
2417 2283 2876 2368 PAvilvs
2908 2294 3091 2358 idem
3126 2295 3238 2376 est,
3270 2300 3469 2383 quot!⁴
3571 2314 3584 2321 ‘

1925 2373 2420 2456 PACVVIVS3
2470 2376 2679 2445 facile
2747 2388 2945 2467 erit,-
2987 2395 3176 2455 numi
3255 2393 3471 2459 nostri
3562 2389 3575 2403 ⁶

1925 2471 2353 2573 PAQVIVM
2394 2495 2546 2538 curn
2578 2482 2820 2544 eadem
2857 2497 3054 2570 gente
3092 2507 3461 2576 compone-

1926 2589 2000 2631 re
2023 2616 2043 2646 ,
2098 2567 2142 2631 fi
2179 2571 2391 2633 modo
2428 2571 2819 2686 statuamus,
2873 2581 3163 2695 alterum
3195 2584 3265 2650 in
3304 2586 3466 2700 scri-'-

1935 2763 2139 2848 plura
2174 2766 2494 2857 exempla
2552 2781 2695 2834 tam
2730 2765 2836 2840 'ex
2904 2780 3167 2858 numis,
3250 2798 3462 2866 quam

1936 2860 2397 2926 marmoribus
2445 2864 2644 2957 supra}
2676 2871 2748 2933 in
2780 2885 2978 2958 gente
3019 2875 3268 2942 Flavia
3345 2878 3462 2941 de-

1937 2957 2183 3050 dimus.
2287 2957 2442 3040 Quo
2535 2969 2852 3048 permiss'o
2911 2970 3266 3036 verilimile
3317 2970 3462 3051 est,

1934 3055 2272 3138 Paquium
2314 3055 2568 3122 Rufum
2614 3067 2802 3128 numi
2877 3086 2962 3130 ex
3005 3070 3253 3132 eadem
3334 3069 3465 3133 ess'e

1936 3162 2170 3235 gente,
2224 3172 2311 3216 ex
2368 3157 2927 3239 qua-Pacuvium
2978 3163 3238 3232 Rufum
3286 3180 3463 3231 man·

1936 3248 2149 3309 moris
2184 3248 2478 3320 laudati.

2040 3342 2446 3428 Opportune
2483 3347 2621 3412 hoc
2659 3349 2817 3417 loco
2857 3350 3309 3421 describemus
3344 3377 3461 3423 nu-

1937 3453 2090 3517 mos
2128 3438 2303 3519 alios
2342 3445 2641 3524 ejusdem
2676 3448 2958 3532 Fuluii,
3010 3463 3079 3514 et
3116 3451 3462 3540 officinae,

1940 3548 2113 3615 quos
2165 3539 2551 3618 nuperrime
2604 3544 2746 3623 jam
2817 3544 3104 3629 cognitis
3181 3549 3450 3613 addidit
3576 3572 3594 3585 “

1937 3624 2157 3689 abbas
2194 3628 2522 3712 Sestinus,
2576 3637 2891 3721 subjectis
2948 3645 3287 3709 nonnullis
3338 3643 3460 3709 ob·

1935 3721 2275 3904 ἱεέἔίἰῐίεὲ)
2342 3730 2512 3793 Vtar
2538 3747 2765 3799 autem
2792 3735 3018 3801 verbis
3044 3740 3246 3826 ipsius
3262 3761 3463 3830 prae-

2231 3922 2320 3983 A.
2343 3916 2416 3984 C.
2459 3923 2510 3986 1.
2551 3929 2634 3990 V.
2674 3917 2891 3996 ordivit
2921 3935 3310 4020 retrogrado
3340 3940 3460 4003 cir·

2235 4036 2331 4081 ca·
2355 4031 2541 4105 caput
2581 4023 2823 4090 Claudii
2858 4029 3113 4097 nudum.
3585 4064 3588 4068 ·

1944 4107 2030 4190 Q.
2074 4106 2491 4194 PAQVIVS.
2540 4119 2740 4185 RVF.
2778 4122 2982 4191 LEG.
3038 4125 3114 4190 C.
3177 4124 3264 4193 D.
3332 4127 3464 4196 Vir

329 4198 475 4262 ΑΕ.
525 4200 894 4283 PAQVVI.
940 4201 1120 4299 RVE
1126 4203 1178 4265 1.
1213 4202 1296 4266 L.
1350 4221 1487 4286 quo
1537 4203 1696 4267 loco
1744 4222 1859 4270 ne·
1943 4217 2207 4290 togatus
2243 4211 2471 4297 insella
2511 4217 2712 4281 curuli
2731 4219 2997 4306 fidens,
3050 4222 3111 4287 d.
3151 4223 3314 4289 elata
3349 4247 3459 4292 ra·

303 4333 3450 4396 ——·———————————-—————.—·————-—-

400 4406 455 4469 ι)
494 4403 662 4459 Num.
700 4416 809 4469 vet,
844 4427 905 4481 p.
941 4423 996 4476 3.

329 4473 386 4543 o)
420 4474 638 4526 Lettere
674 4477 838 4531 Tem.
877 4479 947 4532 V.
977 4496 1038 4552 p.
1071 4492 1169 4544 41.

430 4576 628 4665 (Vol.
683 4576 806 4659 V.)

1222 4409 1285 4483 b)
1316 4431 1446 4487 με·
1483 4425 1607 4481 448.
1637 4432 1703 4487 ⁵-

1924 4419 1976 4487 ε)
2010 4419 2144 4474 Am.
2183 4419 2331 4484 Gau.
2372 4439 2432 4495 p.
2469 4438 2544 4478 m.
2577 4439 2673 4496 54.

2831 4473 2839 4479 .
2895 4427 2963 4496 d)
2999 4449 3128 4503 pag.
3170 4436 3320 4490 2626.
3358 4447 3448 4504 38.

2940 4601 2997 4664 L
3035 4603 3072 4666 1
