4175 5450
1482 128 1494 137 ’
1613 127 2347 210 POSTVMIA.

1397 448 2411 592 eosrwnza

334 795 340 808 Ι
397 709 410 716 ’
497 713 677 779 Gens
719 709 1056 802 patricia,
1139 726 1206 778 et
1253 712 1410 777 talis
1456 706 1721 799 semper
1768 733 1917 800 per·

396 810 635 875 manlit
664 832 708 874 a
748 811 933 874 nullo
969 810 1238 895 plebeio
1285 809 1639 895 adoptata.
1743 807 1918 895 Cog-

295 939 300 942 -
402 927 656 994 nornen
684 906 1007 988 Albinus,
1061 926 1234 989 quae
1265 903 1533 968 familia
1588 902 1721 969 fuit
1780 908 1914 969 cla-

393 1002 704 1079 rissima.
754 1015 821 1065 et
860 1004 952 1064 ad
994 1022 1197 1086 quam
1240 999 1594 1063 verifimile
1632 1000 1719 1063 est
1747 1009 1910 1085 ‘per'-

394 1097 610 1159 tinere
649 1089 995 1180 sequentes
1033 1098 1353 1159 denarios
1392 1114 1650 1177 omnes,
1701 1098 1911 1159 etiam

393 1186 474 1254 'in'
507 1191 750 1278 quibus
792 1192 1016 1256 Albini
1054 1211 1299 1254 nornen
1337 1210 1472 1253 non
1520 1144 1810 1255 additur.
1887 1207 1895 1214 ·

1140 1288 1171 1320 a

1994 716 2243 778 nititur.
2340 719 2490 781 AR.
2532 714 2610 779 C.

2284 810 2366 874 L.
2400 809 2752 874 ΜΕΤΕῙ...
2776 812 2860 873 A.
2899 807 3104 875 ALB.
3145 811 3211 876 S.
3250 813 3327 880 F.
3377 813 3499 881 Ca-

2270 917 2390 990 put
2424 907 2753 991 Apollinis.

1992 999 2331 1065 QMAL.
2378 1002 2449 1068 V
2442 1001 2543 1066 ade
2571 1004 2807 1088 reliqua
2858 1003 2927 1064 in
2963 1010 3151 1086 gente
3190 1001 3492 1071 Publicia.

2083 1096 2409 1160 Aversam
2447 1099 2706 1161 denarii
2761 1099 2821 1162 Ι
2876 1095 3217 1160 luculente
3283 1100 3495 1184 e'xpli-

1992 1205 2153 1255 cant
2188 1193 2540 1277 scriptores
2576 1195 2913 1266 Romani,
2987 1212 3070 1256 ac
3128 1195 3495 1279 praecipue

1987 1285 2296 1361 Plinius,
2343 1287 2751 1372 DionysiuS,
2818 1287 3081 1354 Livius.
3180 1286 3500 1352 Refertur

686 1384 771 1445 A.
848 1382 1392 1447 POSTVMIVS.
1454 1379 1643 1448 COS.
1715 1380 1919 1466 Caput
1985 1382 2299 1445 nimirum
2342 1384 2432 1446 ad
2472 1384 2756 1447 eandem
2795 1386 2878 1444 A.
2911 1379 3229 1445 Postumii
3278 1384 3369 1446 ad
3400 1386 3496 1449 la·-

684 1477 978 1565 Postumii
1029 1478 1278 1543 nudum.

1987 1496 2136 1539 cum
2176 1477 2615 1563 Regillensem
2646 1479 3034 1553 victoriam,
3086 1483 3222 1559 quo
3254 1481 3496 1543 eodem

381 1571 803 1659 JALBINVS.
839 1576 1152 1645 BRVTI.
1217 1574 1291 1637 F.
1354 1573 1662 1659 scriptum
1731 1576 1908 1637 intra
1983 1585 2295 1656 tempore
2341 1571 2456 1633 vifi
2512 1572 2658 1638 sunt
2687 1574 2953 1635 Romae
2998 1573 3067 1634 iu
3123 1571 3311 1636 foro
3358 1576 3495 1638 duo

394 1688 690 1734 coronam
707 1668 996 1751 spiceam.
1100 1669 1243 1732 AR.
1282 1669 1364 1730 R.

493 1762 832 1834 Diximus'
848 1765 916 1824 iu
953 1765 1169 1824 numis
1207 1764 1423 1845 gentis
1468 1761 1700 1823 Iuniae
1737 1761 1901 1823 Bru·

383 1855 664 1931 'tot-um,
716 1854 1038 1940 signatum
1073 1856 1254 1918 h'unc
1306 1856 1657 1916 denarium
1720 1875 1764 1916 a
1811 1856 1899 1918 D.

395 1951 591 2015 Iunio
683 1951 936 2029 Brute,
1010 1952 1123 2033 qui
1209 1952 1579 2034 adoptatus
1674 1949 1764 2011 ab
1822 1951 1902 2014 A.

394 2045 735 2110 Postumio
783 2045 1032 2108 Albino
1072 2045 1317 2109 deinde
1369 2043 1645 2107 Albinus
1711 2044 1905 2108 Bruti

392 2145 468 2209 F.
510 2142 728 2208 dictus
769 2139 898 2218 est,
976 2141 1223 2226 quique
1288 2139 1418 2202 ad·
1463 2139 1899 2202 indicandam

383 2233 612 2321 ‘gentis
650 2236 1071 2312 claritatem,
1123 2238 1193 2297 iu
1229 2254 1433 2320 quam
1452 2234 1760 2310 transiit,
1813 2237 1895 2299 A.

383 2330 803 2395 ‘Postumium
852 2332 1101 2395 Album
1141 2331 1359 2396 numia
1392 2327 1734 2414 inscripsit,
1785 2332 1901 2412 qui

391 2417 477 2491 ⁴V’.
510 2425 588 2492 Cj
636 2439 769 2510 ²58
814 2430 882 2491 in
926 2422 1080 2510 ipsis
1114 2428 1284 2511 reip.
1332 2423 1755 2489 incunabulis
1797 2427 1898 2487 in-

393 2521 637 2606 lignem
680 2522 763 2583 de
784 2521 1046 2587 Latinis
1078 2521 1168 2585 ad
1200 2521 1427 2585 lacum
1460 2519 1900 2603 Regillensem

394 2618 754 2680 victoriam
793 2618 1021 2682 retulit
1048 2664 1066 2695 ‚
1121 2636 1165 2678 a
1201 2637 1337 2700 qua
1377 2613 1465 2677 ¹et
1511 2614 1899 2699 Regillenfis

393 2714 611 2777 dictus
653 2709 740 2774 est
764 2763 785 2795 ‚
838 2712 1039 2778 caelis
1077 2714 1144 2776 in
1195 2714 1341 2776 acie
1383 2709 1547 2774 Tito
1588 2721 1658 2773 et
1690 2709 1897 2774 Sexto

393 2810 785 2891 Tarquiniis
822 2812 997 2893 regis
1031 2808 1319 2891 Superbi
1355 2805 1510 2871 filiis
1532 2852 1551 2881 ‚
1600 2798 1616 2821 ⁵
1640 2809 1899 2890 praeci-

271 2918 314 2931 ‘·
394 2905 548 2986 puis
589 2903 745 2964 belli
793 2902 1184 2966 auctoribus
1211 2948 1230 2977 ‚
1285 2903 1369 2963 de
1409 2918 1541 2981 quo
1585 2898 1718 2960 late
1754 2919 1901 2982 ege-

394 3014 467 3057 re
511 2996 608 3057 rei
656 2997 1013 3059 Romanae
1052 2996 1433 3078 scriptores.

1011 3102 1016 3115 2
1137 3086 1165 3118 ss

687 3185 888 3271 Caput
927 3181 1237 3269 Apoffim‘s
1292 3184 1678 3258 lauream,
1745 3200 1905 3267 prae

681 3298 802 3369 quo
839 3282 937 3360 X,
981 3298 1143 3366 pone
1196 3282 1462 3369 (φ’-κη’,
1515 3278 1693 3364 infra
1750 3277 1905 3341 RO-

394 3478 483 3542 A.
510 3378 927 3536 ALBINAVS.
966 3470 1035 3538 S.
1071 3470 1151 3536 F.
1207 3470 1496 3557 Dioscuri
1507 3469 1775 3583 ’stantes
1838 3491 1904 3536 e·
1961 3462 1974 3471 ⁴

397 3588 549 3656 quos
575 3569 734 3656 filos
772 3568 858 3634 ad
875 3567 1118 3653 fontem
1145 3574 1427 3653 potant,
1496 3567 1565 3628 in
1616 3586 1803 3630 area
1797 3566 1901 3628 la·-

394 3664 564 3729 nula.
665 3665 809 3729 AR.
851 3662 926 3727 C.
995 3696 1014 3721 «.

665 3760 888 3849 Caput
920 3759 1208 3837 Dianae,
1254 3775 1415 3842 pone
1442 3754 1733 3821 ROMA.

361 3856 477 3920 Ἀ.
513 3830 849 3918 ALBINV
857 3854 921 3918 S
929 3846 1036 3923 S.
1077 3855 1150 3918 F.
1202 3856 1360 3920 Tres
1394 3853 1623 3938 equites
1666 3852 1907 3916 armati

1986 1667 2443 1730 adolefcentes
2482 1667 2917 1751 pulcherrimi
2978 1667 3259 1731 militari
3314 1669 3497 1734 cultu

1989 1781 2201 1844 equos
2242 1762 2477 1826 sudore
2502 1775 2855 1826 manantes
2898 1763 2988 1826 ad
3028 1758 3286 1828 fontem
3304 1765 3497 1830 lava-

1986 1875 2099 1932 re,
2153 1857 2264 1938 qui
2306 1876 2457 1919 cum
2504 1854 3077 1921 circumstantibus
3114 1861 3497 1946 incomper:

1984 1960 2128 2013 tam
2173 1951 2498 2014 hactenus
2536 1952 2895 2015 victoriam
2944 1955 3332 2032 natrall'ent',
3380 1957 3494 2019 de-

1983 2047 2233 2129 inceps'
2255 2047 2546 2130 amplius
2583 2046 2919 2130 conspecti
2955 2066 3091 2112 non
3122 2050 3309 2111 sunt.'
3361 2049 3496 2114 vin

1984 2141 2192 2204 etiam
2239 2143 2307 2203 in
2342 2140 2486 2225 ipsa
2541 2142 2691 2203 acie
2739 2142 2875 2204 duo
2913 2146 3194 2224 juvenes
3231 2163 3317 2206 ex
3340 2165 3492 2208 cau·
3570 2178 3586 2190 -

1984 2235 2161 2298 didis
2208 2238 2397 2318 equis
2433 2235 2693 2299 summa
2726 2237 2972 2300 virtute
3013 2258 3138 2322 pro
3163 2238 3494 2306 Romanis

1981 2350 2308 2415 pugnare.
2408 2332 2497 2394 Hi
2532 2351 2684 2394 cum
2732 2331 2978 2415 passim
3012 2323 3324 2396 Dioscuri
3357 2353 3493 2400 cre-

1984 2427 2342 2502 derentur,
2394 2445 2628 2489 eorum
2672 2426 2739 2488 in
2779 2419 2943 2489 urbe
2985 2428 3199 2490 cultus
3265 2431 3496 2515 coepit
3539 2503 3553 2525 ἱ
3620 2419 3627 2428 ’

1943 2527 1944 2530 ’
1979 2521 2415 2584 inclarescere
2448 2522 2680 2583 dicata
2711 2522 2794 2583 iis
2818 2521 3086 2606 publice
3118 2524 3331 2586 aede.
3364 2525 3498 2589 Eo·

1984 2617 2138 2689 dem
2177 2605 2387 2677 etiam
2428 2615 2658 2678 haud
2683 2615 2889 2679 dubie
2934 2618 3223 2700 pertinet
3299 2638 3492 2706 argu·

1982 2725 2287 2776 mentum
2341 2711 2601 2775 denarii
2641 2712 2725 2776 11.
2826 2711 3005 2775 Nam
3050 2733 3203 2799 cum
3260 2715 3331 2778 in
3383 2735 3495 2779 eo-

1985 2809 2142 2871 dem
2184 2806 2448 2891 praelio
2490 2818 2756 2869 nutaret
2801 2808 3133 2885 victoria,
3185 2806 3496 2896 magister

1987 2903 2291 2982 equitum
2330 2903 2519 2982 equis
2568 2900 2798 2962 frenos
2866 2901 3046 2965 demi
3096 2902 3330 2987 jussit,
3420 2918 3495 2971 ut

1986 3006 2181 3055 tanto
2228 2995 2451 3057 acrius
2490 2995 2558 3055 in
2600 2992 2853 3057 hostem
2909 2995 3285 3078 ferrentur,
3356 3018 3493 3080 quo

1985 3086 2178 3150 facto
2209 3089 2426 3149 aciem
2460 3086 2741 3151 hostium
2770 3102 3237 3175 perruperunt,
3278 3105 3358 3153 et
3382 3110 3493 3156 ca·

1990 3179 2117 3244 stra
2159 3193 2500 3266 ceperunt.
2629 3184 2932 3255 Similem
3014 3172 3499 3251 Dioscurorum

1987 3278 2334 3356 ἐπιφανειαν
2365 3296 2491 3361 pro
2526 3277 2764 3343 Locris
2787 3279 3104 3343 adversus
3137 3278 3494 3348 Crotonia-

1988 3385 2096 3434 tas
2134 3371 2600 3434 dimicantium
2626 3373 2838 3438 habes
2861 3378 3041 3460 apud
3076 3374 3418 3458 Iustinum,
3437 3385 3494 3458 ⁸)

1989 3480 2076 3531 et
2093 3466 2509 3530 Simonidem
2548 3482 2825 3555 poetam
2866 3491 2911 3534 a
2950 3492 3261 3537 camerae
3299 3477 3498 3539 ruina

1988 3562 2289 3626 illaesum
2325 3562 2770 3644 servantium,
2844 3579 2918 3630 ut
2973 3581 3223 3641 narrat
3280 3569 3495 3634 Phae·

1992 3660 2175 3721 druS.
2224 3647 2291 3739 1’)

2088 3754 2166 3816 In
2244 3751 2732 3819 Postumiorum
2785 3759 3003 3822 nuruis
3074 3782 3495 3846 praenomen

1990 3849 2307 3932 Spurius,
2359 3869 2699 3933 nunquam
2734 3852 3037 3918 scribitur
3082 3857 3249 3935 SP.,
3299 3860 3411 3924 sed
3448 3862 3493 3927 S

397 3953 590 4015 citato
641 3951 845 4036 cursu,
897 3968 1054 4036 quos
1095 3950 1267 4015 miles
1315 3949 1603 4034 pedestris
1640 3944 1908 4035 effiagere
1990 3942 2332 4027 fimpfice,
2387 3928 2571 4028 quod
2611 3967 2745 4031 quo
2791 3952 3007 4013 minus
3044 3951 3307 4037 legatur
3334 3955 3497 4023 Sex·

481 4162 538 4222 a)
574 4158 637 4211 L.
673 4157 808 4218 XX.
848 4175 893 4213 c.
922 4174 981 4225 3.
1151 4156 1208 4223 b)
1247 4156 1314 4216 L.
1351 4156 1452 4209 lv.
1491 4153 1610 4214 fah.
1643 4168 1732 4217 24.

1651 4470 1657 4477 ι

1605 4530 1614 4539 Ι
2678 4534 2685 4543 l

1407 4558 1416 4563 Α
1937 4554 1958 4565 a

3022 4607 3032 4616 ι

1235 4636 1248 4647 ι
1327 4634 1332 4641 ·
3492 4636 3499 4647 =
3543 4640 3545 4643 .

3794 4666 3805 4673 η.

1229 4770 1232 4775 -
1529 4780 1538 4785 ..
3724 4768 3729 4779 ι

2390 4810 2397 4823 ι

469 4914 476 4923 x

481 4928 486 4937 ι’
2298 4938 2303 4943 ι

207 4944 220 4951 ι.
