4175 5450
685 591 794 687 οὔ

799 789 1093 864 amaa.

699 909 1084 1057 οωέίῑῖιῖίδὰ.
1184 985 1510 1053 Denarii:
1566 985 1685 1049 TI.
1724 982 2056 1052 CLAVD.
2094 983 2221 1048 TI.

700 1086 783 1154 F.
830 1088 973 1153 ΑΡ.
1009 1085 1089 1152 N.
1132 1083 1367 1149 serrati
1403 1102 1663 1148 omneS.

799 1181 1112 1251 condia.
1210 1181 1497 1247 Denarii
1527 1180 1606 1245 1..
1647 1176 1872 1246 SCIP.
1919 1176 2216 1242 ASIAG.

699 1280 935 1348 serrati
967 1291 1237 1344 ‘omnem

799 1378 1147 1465 crepet-eia.

699 1476 856 1543 rati.

797 1571 1114 1647 Domitia,
1191 1569 1390 1636 ,vide
1427 1572 1498 1635 in
1537 1567 1829 1636 Licinia.

794 1671 1109 1755 Egnatia.
1207 1663 1537 1732 Denarii:
1594 1664 1671 1731 C.
1725 1664 2215 1732 EGNATIVS.

699 1760 854 1829 CN:
894 1765 972 1828 F.
1003 1765 1151 1854 CN.
1186 1763 1267 1827 N.
1290 1812 1310 1844 ,
1362 1766 1471 1830 sed
1503 1765 1553 1829 ii
1587 1776 1891 1843 tantum,
1941 1765 2013 1828 in
2050 1784 2220 1849 quo-

697 1877 847 1926 turn
891 1862 1127 1926 aversa
1161 1861 1308 1925 sunt
1350 1862 1573 1949 bigae.

773 1955 979 2041 rm
1018 1971 1085 2023 et
1123 1960 1372 2029 Mucia.
1483 1959 1787 2050 luseripti
1853 1959 2218 2024 KALENI.

1193 788 1479 857 Denarii
1511 786 1588 856 L.
1653 759 1917 855 Aurelii
1973 787 2218 855 Cottae

1246 1373 1534 1441 Denarii
1574 1375 1715 1460 ejus
1787 1391 2025 1441 omnes
2090 1372 2219 1438 ser-

542 2027 548 2034 ’
573 2027 586 2037 ⁶
655 2038 668 2046 ⁵
697 2047 1007 2120 CORDI..
1052 2075 1312 2121 omnes.

698 2151 1068 2310 *lfa-fidia.
1162 2151 1451 2218 Denarii
1486 2156 1630 2240 ejus
1651 2172 1888 2221 omnes
1914 2155 2219 2239 ejusdem

717 2377 726 2384 ·
767 2263 1061 2412 gEcim‘a.
1205 2346 1492 2410 Denarii
1584 2363 1857 2423 omnes,
1921 2365 2212 2429 quorum

690 2442 931 2506 aversa
968 2442 1036 2506 in
1075 2442 1421 2529 segmento
1443 2442 1767 2507 inferiore
1803 2443 2082 2507 exhibet
2119 2444 2208 2507 11-

687 2539 876 2602 viros
917 2538 996 2602 1..
1043 2537 1217 2612 Llc.
1255 2539 1395 2605 CN.
1431 2541 1671 2605 DOM.
1716 2541 2028 2605 variante
2069 2559 2213 2605 ma·

687 2633 960 2720 gistratu
1008 2637 1217 2700 tertio
1256 2640 1325 2701 in
1390 2639 1661 2716 antica,
1734 2657 1905 2722 quos
1973 2657 2211 2704 omnes

682 2734 754 2796 in
793 2746 991 2819 gente
1037 2732 1372 2800 Cosconia
1423 2735 1799 2821 descriptos
1836 2735 2033 2817 vide,
2079 2736 2210 2799 ser·

682 2832 820 2893 rati
858 2830 1019 2894 sunt.
1719 2829 1735 2841 ‘

782 2927 1087 2994 Manilia.
1188 2928 1475 2992 Denarii
1507 2946 1662 2989 cum
1713 2937 1887 3012 typo
1952 2922 2215 3012 Vlyssis

686 3038 1031 3187 ‘imiza‘
1127 3122 1417 3188 Denarii
1470 3119 1546 3186 C.
1595 3121 1812 3186 Marii
1849 3117 2215 3209 Capitonis

684 3234 945 3283 umnec.

709 3344 728 3353 —
778 3315 1103 3380 Mamm.
1155 3314 1442 3381 Denarii
1468 3339 1485 3382 ι
1514 3282 1970 3383 LJ'MEMMI.
1995 3314 2237 3397 ΕΜ..

680 3408 916 3474 serrati
950 3411 1095 3476 sunt
1121 3432 1398 3493 ornnes,
1428 3417 1561 3479 ‘sed
1603 3414 1941 3497 inscripti:
1998 3414 2078 3478 L.
2124 3413 2208 3480 C.

678 3507 1054 3573 MEMIES.
1101 3512 1183 3583 1..
1233 3512 1312 3581 F.
1345 3510 1590 3594 GAL„
1642 3525 1709 3576 et
1735 3509 2205 3595 semibarbari,

679 3602 917 3669 serrati
945 3626 1081 3671 non
1115 3610 1284 3673 sunt.

774 3703 1047 3771 Naevia.
1142 3707 1436 3772 Denarii
1467 3704 1542 3773 C.
1571 3706 1793 3771 Naevi
1829 3704 2033 3770 Balbi
2058 3727 2206 3772 om·

678 3814 821 3867 288.

773 3898 1008 3984 Papia.

676 3995 981 4084 gryphus
1019 4016 1324 4068 currenS.

713 4112 726 4131 ‘
770 4092 1073 4160 Publicia.
1174 4096 1497 4162 Denarii:
1552 4094 1628 4160 C.
1674 4094 2070 4164 POBLICI.
2106 4094 2194 4179 Q.

663 4186 758 4257 F.
807 4200 977 4276 typo
1015 4192 1326 4258 Herculis
1367 4194 1632 4257 leonem
1677 4191 2094 4257 suffocantis.

1723 520 2789 664 PROLEGOMENA

2401 785 2709 875 Procilia.
2805 783 3092 851 Denarii
3110 795 3377 851 tantum
3419 788 3473 852 ii
3495 835 3515 869 ‚
3567 790 3635 856 in
3661 809 3831 878 quo·
3868 847 3873 850 .

2304 904 2457 949 rum
2516 882 2755 947 aversa
2808 881 2979 949 luno
3039 883 3286 972 Sispita
3342 885 3515 974 bigis
3569 887 3829 953 invehi·

2306 992 2435 1048 tur.
2914 1039 2929 1050 .

2401 1078 2644 1166 Roscia.
2740 1077 2902 1161 Eius
2940 1079 3201 1144 denarii
3242 1078 3477 1146 serrati
3514 1103 3773 1149 omneS.

2419 1177 2726 1264 Sulpicia.
2825 1175 3151 1242 Denarii:
3203 1175 3281 1245 C.
3340 1178 3718 1246 SVLPICI.
3761 1180 3836 1248 C.

2305 1274 2392 1344 F.
2438 1286 2614 1361 typo
2652 1271 2914 1338 scrofae
2946 1274 3235 1358 jacentis
3278 1274 3508 1343 serrati
3565 1298 3824 1345 omnes.

2413 1372 2486 1440 V
2479 1375 2654 1438 ertia.
2755 1369 3012 1436 Serrati
3051 1391 3311 1435 omneS.

2411 1470 2686 1537 Volteia.
2786 1467 2869 1534 L.
2907 1468 3165 1553 Volteji
3189 1467 3542 1538 Strabonis
3569 1472 3835 1543 serrati.

2402 1662 2515 1726 De
2533 1660 2941 1727 serratorum
2970 1660 3164 1732 initio
3191 1677 3258 1729 et
3279 1664 3624 1750 progressu
3658 1669 3827 1734 haec

2306 1779 2496 1827 eruo·
2598 1758 2735 1824 Sub
2773 1761 2969 1823 initia
2999 1757 3232 1846 [ignati
3262 1762 3530 1827 Romae
3568 1757 3834 1853 argenti

2306 1858 2603 1944 percussi
2649 1869 2830 1921 certe
2868 1876 3004 1920 non
3038 1856 3202 1926 sunt.
3305 1857 3620 1948 Constat,
3700 1866 3831 1950 pri.

2308 1956 2438 2019 mis
2483 1955 2589 2018 his
2626 1953 3059 2040 temporibus
3094 1957 3515 2022 familiarum
3547 1963 3830 2025 nomina

2309 2061 2630 2116 monetae
2664 2050 2991 2137 =inscripta
3016 2075 3152 2118 non
3182 2053 3393 2117 fuiss'e.
3493 2058 3587 2117 At
3626 2057 3830 2122 serra-

2305 2160 2451 2213 tum
2494 2148 2822 2213 hactenus
2860 2168 2994 2212 non
3043 2153 3214 2230 vidi,
3269 2149 3680 2234 quiiharum
3711 2156 3830 2219 ali·

2308 2266 2517 2332 quam
2585 2264 2726 2309 non
2820 2245 3193 2313 admifiss'et.
3341 2246 3783 2336 Vetustissimi
3807 2299 3834 2331 ,

2306 2355 2598 2427 quorum
2644 2340 2976 2428 possimus
3012 2358 3309 2410 aetatem
3334 2344 3669 2428 indicare,
3688 2349 3829 2413 sunt

2304 2440 2643 2526 Scipionis
2676 2439 3064 2527 AsiageniS‚
3119 2442 3350 2528 [ignati
3394 2461 3577 2506 anno
3614 2447 3702 2509 V.
3742 2444 3827 2514 C.

2304 2541 2478 2621 564.
2575 2538 2839 2602 Eadem
2878 2550 3235 2626 tempora,
3287 2549 3407 2602 aut
3471 2536 3660 2605 forte
3731 2538 3857 2606 al·‘

2301 2639 2535 2713 tiora,
2583 2636 2904 2699 videntur
2943 2640 3213 2725 exigere
3260 2636 3524 2701 denarii
3578 2636 3830 2703 Licini·

2305 2752 2390 2796 ae
2434 2746 2500 2797 et
2535 2736 2891 2800 Domitiae
2923 2781 2944 2813 ‚
2998 2737 3185 2819 quod
3216 2734 3414 2820 plura
3474 2739 3826 2801 continent

2301 2828 2681 2895 vetustioris
2721 2833 3008 2896 rationis
3040 2841 3471 2917 argumenta,
3531 2844 3604 2895 ut
3637 2834 3830 2898 dice-

2298 2939 2410 2991 tur
2448 2930 2518 2992 in
2559 2928 2916 2996 Cosconia.
3014 2929 3314 2993 Subinde
3347 2942 3469 3014 per
3499 2928 3833 2996 interval·

2297 3027 2372 3090 la
2409 3023 2725 3112 signam,
2779 3037 2847 3089 et
2887 3027 3161 3109 quidem
3194 3025 3420 3090 adhuc
3454 3023 3599 3113 post
3625 3029 3835 3093 dimi·

2299 3125 2487 3188 diu—m
2575 3122 2825 3188 saeculi
2873 3121 2964 3185 ab
3006 3123 3172 3186 urbe
3256 3124 3537 3187 condita
3624 3125 3833 3205 VIL,

2296 3220 2551 3307 probat
2581 3240 2717 3285 non
2759 3220 2967 3283 modo
3006 3219 3387 3307 elegantia,
3437 3232 3521 3283 et·
3540 3223 3823 3286 novitas

2296 3330 2667 3404 typorum,
2718 3318 2826 3381 sed
2870 3319 3075 3381 etiam
3117 3316 3304 3403 quod
3361 3316 3517 3380 sati's
3557 3316 3834 3403 liquido

2300 3413 2574 3501 constet,
2606 3415 2925 3479 denarios
2948 3411 3332 3477 Postumiae
3364 3411 3658 3498 signatos
3699 3415 3826 3479 cir-

2298 3528 2383 3577 ca
2420 3532 2674 3577 annum
2705 3515 2787 3579 V.
2824 3509 2907 3579 C.
2944 3514 3124 3597 650,
3176 3511 3456 3574 Muciae
3492 3509 3634 3595 post
3703 3529 3826 3576 an·

2293 3629 2457 3675 num
2499 3614 2677 3696 653,
2727 3607 3072 3692 Aquilliae
3118 3605 3265 3693 post
3318 3626 3569 3671 annum
3633 3612 3833 3692 655,

2295 3716 2371 3772 ut
2409 3705 2594 3772 infra
2627 3707 2717 3773 ad
2767 3703 3055 3790 singulos
3109 3703 3600 3770 observabitur.
3708 3704 3831 3768 Vl·

2292 3816 2403 3868 tra
2440 3803 2610 3867 haec
2641 3816 2955 3886 tempora
2993 3803 3313 3886 deinceps
3372 3815 3631 3867 certum
3670 3799 3827 3865 nul-

1108 3897 1431 3983 Denarii,
1484 3901 1560 3966 in
1595 3919 1885 3987 quorum
1961 3901 2205 3991 aversa
2289 3901 2461 3965 lum.
2555 3898 2720 3963 Inde
2751 3919 2796 3963 a
2829 3898 2888 3965 1'.
2932 3897 3219 3963 Caesare
3250 3898 3471 3962 nullus
3515 3898 3823 3986 amplius

2294 3999 2435 4079 ejus
2468 3998 2658 4060 modi
2690 3995 3224 4080 conspiciendus.
3327 3996 3559 4079 Quare
3601 3993 3833 4059 neuti-

2291 4112 2499 4179 quam
2537 4094 2916 4157 audiendus
2955 4092 3415 4157 Bouterovius
3445 4141 3465 4173 ,
3517 4113 3671 4157 cum
3698 4091 3831 4155 ad·

2291 4190 2442 4253 serit
2473 4238 2499 4270 ,
2549 4210 2667 4255 eos
2702 4189 3001 4278 ·fignatos
3052 4190 3210 4253 inde
3244 4211 3289 4254 a
3343 4192 3443 4255 M.
3507 4188 3827 4254 Antonio

767 4288 1107 4376 Postumia.
1205 4291 1490 4355 Denarii
1526 4302 1791 4354 tantum
1820 4289 1895 4366 ii,
1949 4290 2066 4373 qui
2096 4288 2197 4351 in·
2285 4283 2587 4368 Hs‘viro,
2634 4301 2708 4351 ut
2757 4290 2897 4370 ejus
2931 4285 3289 4351 fraudibus
3341 4296 3827 4351 occurreretur

671 4380 1094 4453 scribuntur:
1143 4390 1228 4455 A.
1269 4389 1524 4454 POST.
1562 4391 1646 4456 A.
1680 4388 1736 4452 F
1744 4432 1769 4451 ..
1801 4384 1876 4449 S.
1907 4385 2001 4460 N,
2029 4384 2197 4468 ΑΙ..-
2287 4386 2584 4450 denariis
2631 4382 2888 4449 ferrum
2936 4384 3293 4448 miscentis.
3348 4382 3419 4467 ⁸)
3532 4385 3617 4449 Et
3684 4380 3819 4445 nev-

666 4478 852 4548 BIN.

2282 4485 2463 4563 scio,
2514 4502 2650 4566 qua
2684 4481 2965 4547 scientia
3008 4482 3313 4579 adserere
3360 4481 3663 4567 potuerit
3724 4476 3826 4544 cl.

731 4696 788 4763 g>
825 4695 1128 4751 Reehemh.
1166 4714 1278 4759 cur.
1313 4714 1374 4771 p.
1409 4708 1509 4769 98.
1635 4671 1641 4677 ¹
