4175 5450
31 3968 46 4015 Ἧι
32 3856 44 3915 vn-
31 3772 43 3817 -ι
31 3674 42 3717 -ι
32 3580 41 3619 =—
32 3472 42 3519 zu·-
31 3378 41 3421 v·-

90 3390 109 3398 l

36 4698 47 4731 .-
31 4607 49 4635 κ
32 4444 45 4504 ᾞἸ
31 4260 46 4407 ..·-
32 4162 47 4213 “
32 4098 37 4115 ⁷

1484 549 2164 677 (MARciA.
2802 537 2810 548 ’
3162 643 3236 689 ,,
3319 621 3458 694 „49

327 796 621 866 hfi'ciari
643 845 663 877 ,
713 796 900 885 poss'e
931 808 1294 885 praeterea
1331 793 1572 861 referri
1612 796 1703 861 ad
1728 796 1849 860 do-

327 894 668 962 mesticam
708 896 924 981 gentis
968 895 1286 973 laudem,
1339 913 1499 957 narn
1534 894 1626 977 Ω,
1666 895 1850 958 Mar·

330 996 440 1058 cio
472 993 802 1059 Tremulo
841 994 1044 1057 victis
1080 993 1394 1056 Hernicis
1444 989 1730 1055 statuam
1786 1010 1853 1054 e·

330 1088 656 1175 questrem
690 1090 961 1176 publice
1018 1087 1306 1175 politam
1363 1086 1686 1153 testantur
1742 1086 1854 1150 Li·

327 1190 484 1252 vius
516 1231 538 1265 ,
591 1183 657 1269 ⁸)
709 1199 778 1252 et
808 1188 1086 1252 Plinium
1141 1182 1204 1268 1’)
1306 1186 1853 1270 Ηενειοειιιιριιε,

326 1286 437 1349 cui
469 1283 669 1371 saepe
702 1284 772 1347 in
806 1284 1150 1350 levisshna
1182 1303 1541 1348 numerum
1574 1278 1853 1369 perista-

327 1378 375 1445 fi
426 1380 997 1467 amplissimarum
1048 1400 1272 1444 rerum
1316 1380 1576 1445 indicia
1628 1378 1855 1451 ,latere

325 1478 644 1542 videntur
674 1524 694 1556 ,
749 1497 902 1542 cum
969 1477 1238 1541 videret
1298 1479 1369 1542 in
1411 1477 1518 1541 his
1560 1475 1859 1540 denariis

323 1572 643 1637 fruticem
712 1572 1065 1650 silvestrem
1116 1574 1235 1638 sub
1283 1592 1460 1660 equo
1509 1571 1863 1658 exsurgen-

325 1679 465 1733 tem
491 1716 512 1749 ,
566 1689 649 1732 eo
688 1670 982 1754 putabat
1030 1670 1321 1733 indicari
1388 1669 1723 1733 audacem
1767 1666 1854 1749 Q.

326 1766 582 1830 Marcii
625 1759 931 1851 Philippi
982 1766 1489 1853 expeditionem
1525 1812 1545 1844 ,
1615 1783 1755 1848 qua
1796 1763 1855 1825 is

325 1881 452 1948 per
488 1858 694 1930 saltus
737 1872 805 1923 et
846 1864 1009 1925 avia
1056 1863 1127 1925 in
1183 1862 1721 1945 Macedoniam,
1783 1870 1859 1923 ut

224 2041 227 2042 ⁷
325 1955 582 2023 bellum
620 1955 862 2021 Perseo
909 1956 1207 2039 faceret,
1259 1959 1666 2044 penetravit.
1766 1959 1860 2019 At

268 2117 273 2130 ,
324 2054 511 2117 idem
553 2053 667 2116 hic
701 2048 927 2117 frutex
960 2101 982 2133 ,
1033 2055 1147 2118 seu
1197 2057 1631 2139 quidcunque
1682 2051 1858 2116 illud

331 2146 461 2227 est,
515 2149 703 2232 quod
739 2147 859 2212 sub
894 2169 1072 2233 equo
1113 2150 1563 2236 conspicitur,
1614 2147 1859 2214 confir·

330 2257 539 2321 mat,
574 2242 704 2306 ess'e
744 2262 988 2308 revera
1010 2243 1294 2308 statuam
1324 2243 1695 2329 equestrem
1719 2246 1863 2309 cui·

330 2342 497 2405 dam
535 2358 623 2401 ex
662 2351 860 2423 gente
909 2341 1183 2404 Marcia
1222 2338 1555 2425 positam,
1608 2350 1677 2402 et
1734 2341 1867 2404 ser·

334 2439 485 2502 vire
522 2433 786 2512 fulcro,
840 2436 947 2499 cui
1006 2434 1207 2500 scitua
1259 2432 1515 2499 artifex
1561 2455 1862 2500 marmo-

333 2552 569 2609 ream,
617 2550 1045 2617 gravemque·
1105 2532 1392 2596 marram
1438 2533 1597 2618 equi
1662 2532 1867 2597 inniti

336 2630 602 2706 voluit,
656 2648 796 2714 qua
827 2629 1099 2693 tatione
1153 2627 1476 2715 persaepe
1535 2630 1862 2695 solidiora

334 2725 520 2812 figna
557 2723 902 2790 sustentari
960 2727 1318 2804 videmus,
1372 2730 1559 2809 cujus
1628 2748 1863 2792 exem-

338 2824 532 2934 plum
574 2822 804 2887 habeo
838 2825 909 2887 in
942 2822 1119 2887 binis
1172 2819 1399 2888 statuis
1448 2823 1869 2908 equestribus

338 2919 572 2985 aeneis
636 2920 843 2984 musei
905 2918 1440 2984 Herculanenfis.
1491 2920 1551 3004 ο)
1670 2922 1866 3003 Ejus·

341 3017 536 3081 modi
567 3013 792 3081 fulcra
828 3013 1240 3080 dicta·fuere
1279 3019 1723 3097 adminicula,
1747 3033 1871 3083 aut

340 3113 552 3187 etiam
594 3132 854 3191 verua,
944 3115 1297 3198 quomodo
1345 3116 1750 3179 Prudentius
1796 3138 1864 3181 e-

340 3206 633 3293 questres
714 3209 1198 3275 Dioscurorum
1294 3209 1541 3276 statuas
1626 3213 1865 3278 descri-

337 3304 484 3369 bit:
539 3296 605 3385 d>
649 3308 886 3393 gemini
930 3327 1164 3393 quoque
1182 3307 1435 3396 fratres
1472 3344 1497 3361 ο
1558 3348 1589 3363 -
1641 3312 1866 3394 impen-

336 3401 483 3466 dent
516 3406 812 3466 retinente
840 3422 1029 3479 veru,
1086 3403 1402 3464 nimirum
1452 3405 1637 3484 quod
1676 3406 1865 3466 velut

342 3497 415 3558 in
454 3516 611 3559 aere
646 3497 881 3559 librati
917 3496 1297 3580 prolapsuri
1332 3496 1557 3572 ess'ent,
1611 3497 1726 3557 nifi
1756 3519 1869 3559 ve·

345 3611 463 3668 ru,
514 3592 622 3653 seu
656 3592 1144 3655 adminiculum
1167 3592 1506 3654 retineret.
1611 3590 1717 3653 Ab
1738 3594 1870 3654 hac

346 3688 589 3751 deinde
643 3686 857 3750 statua
941 3689 1392 3751 monetarium
1448 3688 1872 3774 praesentem

341 3783 647 3869 sumpill'e
689 3797 930 3867 typum
969 3783 1329 3867 probabile
1371 3782 1480 3847 est.
1766 3822 1773 3831 =

436 3882 782 3946 Denarius
817 3881 938 3943 111.
985 3891 1239 3942 certum
1276 3879 1576 3965 Philippi
1621 3878 1869 3944 Deme·

298 3964 452 4042 ‘ti-ii
495 3978 577 4044 F.
638 3976 1097 4040 Macedoniae
1148 3977 1323 4061 regis
1399 3987 1606 4063 caput
1668 3976 1877 4059 sistit,

344 4074 530 4157 quod
613 4073 1071 4159 comprobant
1128 4092 1267 4136 non
1323 4075 1534 4136 modo
1608 4091 1867 4138 cornua

340 4167 603 4233 hircina
637 4171 878 4255 galeae
906 4169 1196 4245 addita,
1250 4169 1334 4232 de
1373 4186 1510 4253 quo
1540 4167 1864 4234 Macedo·

342 4265 501 4328 niae
546 4285 775 4352 regum
815 4266 1001 4330 cultu
1029 4266 1229 4344 vide,
1280 4285 1459 4352 quae
1489 4264 1581 4329 ad
1626 4285 1871 4332 numos

1935 781 2260 882 Antigoni
2308 793 2365 859 Ι.
2431 792 2750 863 Gonatae
2804 793 3266 882 differuimus,
3353 803 3480 872 red

1938 893 2151 958 etiam
2179 893 2384 957 litera
2422 895 2526 972 Φ,
2579 914 2755 978 quae
2793 893 3171 962 constanter
3206 899 3309 964 his
3344 902 3471 966 de-

1937 992 2151 1055 nariis
2187 991 2504 1071 additur,
2558 1003 2626 1056 et
2662 1003 2851 1056 certa
2885 1013 3199 1080 αρχαιυσα
3244 999 3468 1067 nomi.

1935 1089 2044 1151 nis
2090 1088 2358 1153 Φιλιππυ
2389 1085 2498 1153 est.
2600 1090 2837 1173 Atqui,
2887 1092 3076 1173 quod
3108 1106 3316 1181 caput
3349 1092 3464 1173 est,

1936 1180 2199 1249 constat
2234 1195 2507 1272 quoque
2552 1204 2640 1249 ex
2658 1183 2861 1250 Livio
2884 1231 2904 1263 ,
2959 1184 3021 1268 ο)
3072 1187 3159 1272 Ω.
3194 1191 3478 1258 Marcia

1936 1280 2263 1367 Philippo
2298 1282 2714 1368 amicitiam,
2763 1280 3263 1369 hospitiumque
3313 1307 3470 1352 oum

1935 1377 2072 1443 hoc
2112 1398 2272 1466 rege
2306 1379 2630 1467 Philippo
2660 1377 2910 1459 fuiss‘e,
2945 1401 3083 1465 quo
3122 1383 3299 1446 adeo
3346 1403 3466 1447 ve·

1939 1487 2081 1539 tere
2127 1477 2343 1562 gentis
2374 1476 2530 1542 suae
2571 1477 2835 1543 honore
2869 1474 3202 1564 posterior
3247 1478 3361 1544 hic
3383 1480 3472 1547 L.

1938 1571 2298 1659 Philippus
2335 1575 2404 1638 in
2432 1573 2568 1639 hoc
2598 1594 2804 1639 numo
2826 1574 3176 1662 gloriatur.
3274 1577 3467 1641 Vidi·

1942 1688 2094 1731 mus
2127 1667 2330 1754 supra
2363 1669 2432 1734 in
2467 1672 2690 1736 numis
2730 1668 3032 1736 Corne'lii
3067 1669 3463 1736 Faustisul·

1938 1765 2049 1827 lae
2099 1764 2180 1831 F.
2210 1765 2418 1828 etiam
2469 1765 2981 1853 regia·Bocchi
3037 1780 3246 1855 caput
3318 1787 3466 1833 mo·

1941 1871 2147 1925 netae
2210 1861 2568 1929 Romanae
2611 1863 2906 1928 illatum.

2696 1955 2732 1991 n»

2515 2007 2552 2042 ⁸
2877 2008 2911 2043 ί

1937 2053 2233 2121 Marcius
2273 2056 2577 2123 incertus.
3515 2100 3526 2110 .

2244 2151 2449 2237 Caput
2551 2147 2832 2218 Palladis
2917 2146 3230 2234 alumna,-
3270 2150 3477 2240 juxta

1950 2341 2051 2406 Μ.
2088 2248 2732 2411 ΜΑἷὶβὲΜῙΙὶειοι-ἰα
2777 2347 2847 2410 in
2900 2347 3043 2414 citis
3083 2348 3297 2433 bigis,
3365 2335 3486 2414 iou-⁶

1934 2437 2063 2522 fra
2109 2439 2269 2503 duae
2292 2441 2539 2525 spicae,
2591 2451 2650 2505 et
2686 2442 2979 2509 ROMA.
3076 2446 3225 2506 AR.
3270 2444 3421 2508 RR.

1936 2535 2162 2699 ΚΒ·Μ.
2210 2532 2534 2601 ΜΛΒΟΙ.
2620 2537 2725 2601 M.
2776 2536 2859 2602 F.
2923 2536 2997 2600 in
3068 2540 3482 2623 quadrante

2682 2730 2717 2766 8

2859 2776 2900 2818 ἡ

2221 2782 2228 2791 '
2500 2781 2534 2816 ί

2060 2824 2273 2891 Obvii
2320 2827 2466 2892 sunt
2504 2830 2800 2909 denarii,
2854 2848 3027 2913 quos
3063 2833 3204 2915 jam
3236 2831 3304 2893 in
3326 2850 3486 2919 gen·

1950 2936 2020 2990 te
2057 2923 2396 3003 Claudia,
2451 2939 2520 2990 et
2546 2919 2811 2993 Manlia
2841 2929 3155 3003 recitavi,
3206 2929 3273 2990 in
3312 2949 3480 3013 quo·

1951 3041 2103 3085 rum
2139 3021 2380 3085 aversa
2423 3023 2733 3117 leguntur
2768 3027 2912 3097 tria
2964 3024 3283 3088 immina.
3337 3026 3484 3090 AP.

1958 3117 2096 3181 CL.
2143 3118 2228 3181 T.
2267 3119 2540 3197 MAL.,
2586 3123 2671 3184 de
2703 3122 2904 3184 tertio
2940 3121 3269 3207 litigatur,
3292 3122 3482 3206 quod

1955 3214 2366 3279 Vaillantius
2405 3213 2544 3297 jam
2579 3219 2741 3303 legit
2777 3218 2863 3300 Q.
2899 3218 3166 3295 MAR„
3217 3220 3353 3298 jam
3390 3217 3482 3299 Q.

1952 3313 2101 3374 VR.
2203 3311 2278 3375 In
2317 3312 2624 3376 Morellii
2671 3333 2879 3377 numo
2938 3315 3346 3399 exprimitur
3391 3312 3499 3405 Q.-

1956 3408 2181 3468 MAR.
2207 3453 2227 3483 ,
2281 3420 2348 3470 et
2382 3409 2465 3471 fic
2503 3412 2570 3473 in
2597 3408 2953 3473 Vrssniano
2988 3428 3284 3490 quoque.
3338 3409 3481 3473 Ha·

1958 3519 2369 3586 vercampus
2451 3504 2738 3569 eandem
2782 3503 3180 3567 lectionem
3258 3514 3483 3568 tuetur

1958 3599 2409 3679 provocando
2450 3601 2540 3663 ad
2587 3599 2771 3685 ipsos
2809 3616 3077 3663 numoS.
3131 3586 3187 3680 f)
3270 3602 3360 3664 At
3411 3600 3500 3663 in-

1959 3691 2073 3754 sex
2112 3692 2559 3778 integerrimis
2609 3694 2815 3757 musei
2870 3691 3225 3770 Caesarei,
3308 3714 3482 3781 quos

1958 3789 2230 3874 partim
2247 3789 2314 3850 in
2340 3787 2655 3867 Claudia,
2691 3790 2939 3876 partim
2975 3789 3242 3882 Manlia
3275 3808 3481 3877 qu‘ae-

1958 3902 2119 3961 ras»,
2188 3883 2568 3949 constanter
2621 3887 2863 3973 legitur
2913 3886 3001 3969 Ω.
3056 3884 3208 3951 VR
3299 3890 3481 3977 Ergo

1957 3982 2093 4045 viri
2127 3979 2195 4043 hi
2267 3994 2385 4046 aut
2449 3983 2594 4048 sunt
2654 3983 2968 4068 decepti,
3053 3996 3176 4051 aut
3235 4003 3480 4050 revera

1944 4079 2190 4141 tertius
2226 4078 2431 4142 Illvir
2468 4081 2608 4145 alio
2644 4092 2954 4165 tempore
2997 4079 3275 4145 additus
3342 4080 3478 4147 fuit

1959 4173 2044 4257 Q.
2080 4175 2417 4242 MARcius
2445 4227 2467 4261 ‚
2520 4179 2659 4241 alio
2727 4176 2820 4260 Q.
2869 4176 2994 4242 vR
3046 4214 3081 4230 ι
3123 4214 3147 4230 ·
3199 4215 3228 4229 ·
3302 4176 3534 4265 quis·-

1961 4272 2111 4355 quis
2158 4271 2270 4336 hie
2301 4271 2433 4337 fuit
2488 4273 2578 4337 ab
2641 4274 2750 4338 his
2814 4273 3030 4340 literis
3113 4273 3480 4362 incipiens„

414 4502 476 4563 a)
515 4499 579 4551 L.
616 4500 719 4553 IX.
757 4519 802 4554 ο.
839 4517 927 4571 43
1116 4503 1178 4569 b)
1215 4505 1281 4560 L.
1318 4506 1598 4567 XXXIV.
1637 4509 1669 4578 5
1712 4527 1766 4563 ιι
2006 4509 2054 4573 ο)
2093 4508 2297 4566 Bronzi
2332 4514 2403 4570 T.
2439 4512 2521 4576 11.
2556 4512 2679 4577 tab.
2714 4516 2802 4584 63.
2836 4516 2927 4587 65,
3192 4496 3481 4587 dseontra

344 4566 2094 4730 sraznilggllva.V)e)L.X1-11.c·23839vofflam·
2978 4660 3094 4725 Ii
