4175 5450
517 3809 530 3821 ·
631 3836 646 3849 ›
768 3793 851 3857 C.
887 3795 1023 3873 617
1066 3792 1214 3875 lege
1262 3788 1670 3868 tabellaria,

739 611 896 690 263³

1491 805 1524 839 C

1307 857 1340 894 ὕ
1670 854 1703 890 ὓ

701 977 710 987 ,
745 906 916 1000 Caffii
945 907 1222 973 incerti.

685 993 710 1024 τ’
1038 1008 1238 1090 Caput
1273 999 1558 1069 Palladis
1608 997 1858 1065 alatum
1871 1041 1910 1079 ‚-

1036 1109 1102 1166 ef
1134 1101 1287 1187 quid
1309 1118 1510 1164 urnae
1542 1097 1756 1184 simile.

663 1265 666 1266 γ
747 1196 829 1262 C.
847 1195 1136 1275 CASSI.
1191 1195 1431 1262 Mulier
1468 1195 1530 1259 d.
1555 1195 1785 1278 pileum
1834 1193 2172 1277 wentam,
2208 1188 2266 1278 s.

745 1291 979 1383 hastam
1012 1296 1077 1356 in
1108 1295 1249 1358 citis
1283 1291 1654 1378 quadrigis,
1706 1288 1884 1373 infra
1924 1287 2217 1352 ROMA.

840 1391 1240 1453 Perizonius
1266 1407 1536 1451 numum
1567 1386 1658 1448 ad
1678 1382 1753 1447 C.
1776 1383 2080 1448 Cassium
2118 1403 2268 1470 per·

744 1487 1071 1552 cuss'orem
1106 1483 1433 1549 Caesaris
1484 1493 1764 1566 propter
1808 1479 2143 1545 libertatis
2190 1478 2271 1542 fi.

744 1602 948 1669 gnum
969 1579 1192 1646 refert.
1215 1587 1300 1645 At
1315 1580 1426 1643 hic
1442 1577 1830 1641 remotioris
1844 1576 2269 1664 antiquitatis

745 1675 1136 1743 manifestus
1186 1674 1274 1739 est
1313 1688 1571 1761 partus.
1672 1674 1782 1736 Ad
1813 1674 1987 1739 haec
2024 1675 2095 1736 in
2149 1674 2269 1736 hu-

741 1779 846 1858 ius
888 1772 1100 1837 Cassii
1143 1772 1440 1837 denariis
1472 1771 1732 1856 semper
1763 1770 2036 1834 additur
2085 1770 2269 1835 ῙΜΡ.

744 1870 1028 1935 Acutius
1115 1871 1185 1932 in
1229 1868 1562 1953 -speciem
1612 1867 2131 1953 Havercampus
2191 1864 2271 1933 C.

1961 1015 2126 1088 pone
2161 995 2264 1077 X,

744 1966 980 2030 Cassio
1018 1966 1096 2028 L.
1145 1963 1395 2043 Cassii,
1445 1963 1658 2027 severi
1701 1963 1879 2025 illius
1913 1963 2155 2044 judicis
2194 1961 2269 2025 fi·
2336 2009 2340 2014 .

740 2061 880 2137 lio,
930 2062 1265 2148 largitur,
1317 2079 1362 2123 a
1418 2079 1554 2143 quo
1617 2058 1894 2121 tribuno
1954 2059 2100 2144 pL,
2197 2072 2273 2123 ut

657 2155 669 2164 ’
746 2171 986 2224 narrat
1031 2147 1394 2233 Asconius,
1444 2155 1559 2218 lex
1591 2156 1737 2218 lata
1765 2151 1894 2233 est,
1938 2168 2036 2233 ut,
2070 2177 2274 2240 quem

745 2253 1045 2343 populus
1089 2252 1502 2328 damnasset,
1555 2252 1798 2314 senatu
1826 2266 2279 2333 moveretur,

754 2352 846 2416 ad
897 2352 1081 2434 quod
1120 2349 1382 2413 factum
1424 2334 1760 2410 libertatis
1791 2359 2034 2434 typum
2077 2369 2274 2415 revo-

752 2460 886 2510 eat.
1008 2447 1217 2521 Dixi,
1285 2445 1354 2506 in
1435 2443 1750 2528 speciem.
1899 2433 2280 2528 Sequamur

749 2531 930 2605 enim
971 2541 1307 2604 calculum
1352 2551 1417 2602 et
1449 2541 1664 2603 verba
1705 2541 2191 2627 Havercampi.
2211 2540 2278 2626 ⁸)

701 2714 706 2720 ,
748 2639 887 2704 Hic
924 2636 1000 2703 C.
1041 2635 1335 2713 Cassius,
1389 2637 1509 2714 ait,
1542 2634 1852 2719 quaestor
1892 2640 2283 2747 provincia·

751 2736 839 2803 lis
868 2734 999 2798 fuit
1035 2736 1123 2798 V.
1163 2733 1258 2797 C.
1286 2736 1419 2811 642
1453 2780 1474 2810 ,
1527 2745 1687 2797 ante
1748 2754 1949 2816 quem
1985 2738 2283 2819 annum,

751 2851 906 2897 cum
959 2828 1270 2915 quaestor
1313 2829 1614 2892 urbanus
1674 2829 1874 2906 ell'et,
1945 2834 2281 2898 credimus

749 2928 1077 3015 lignatum
1115 2925 1294 2989 hunc
1332 2925 1710 2988 denarium.
1805 2925 2149 2991 Tribunus
2185 2931 2280 3016 pl.

751 3022 885 3087 fuit
922 3025 1007 3084 V.
1047 3020 1125 3088 C.
1166 3023 1330 3099 649,
1385 3040 1521 3104 quo
1557 3022 1735 3083 adeo
1771 3020 2024 3084 dictam
2059 3023 2279 3109 legem

752 3120 934 3184 tulit.
1038 3122 1125 3180 At
1175 3117 1355 3177 enim
1416 3117 1845 3199 quaerimus,
1932 3123 2283 3200 quomodo

752 3217 1039 3300 is.typo
1086 3210 1421 3275 libertatis
1460 3213 1528 3273 in
1575 3231 1786 3275 numo
1844 3214 1928 3277 V.
1988 3212 2062 3276 C.
2142 3220 2277 3293 642

757 3311 1016 3396 figwnato
1061 3307 1153 3371 ad
1197 3307 1413 3393 legem
1450 3306 1774 3372 adludere
1809 3310 2058 3392 potuit,
2076 3332 2284 3396 quam

755 3409 1119 3473 minimum
1151 3415 1308 3469 octo
1347 3405 1540 3467 annis
1587 3403 1794 3467 serius
1856 3405 2060 3468 tulit?
2157 3411 2283 3473 Ve-

759 3503 1097 3568 rifimilius
1146 3502 1349 3587 igitur
1405 3514 1608 3585 typus
1654 3502 1742 3563 ad
1781 3501 2143 3567 ¹celebrem
2205 3505 2286 3568 il-

756 3601 906 3665 lum
937 3600 1013 3662 L.
1052 3590 1357 3662 Cassium
1398 3596 1734 3660 libertatis
1783 3599 2026 3683 populi
2067 3603 2285 3665 vindi-

762 3717 959 3774 cem,
1009 3697 1094 3759 de
1134 3713 1268 3778 quo
1312 3693 1552 3779 supra,
1605 3692 1996 3759 referendus
2036 3697 2181 3761 lata
2200 3698 2282 3763 V.

1716 3810 1871 3853 cum
1924 3812 2060 3875 qua
2090 3814 2286 3881 prae·

667 3951 671 3955 .
765 3901 955 3953 terea
1005 3900 1232 3950 aetate
1278 3886 1517 3948 melius
1574 3899 2022 3971 componetur
2079 3903 2288 3977 caput

772 3988 1050 4052 uticae..
1074 3980 1458 4051 vetustioris
1497 3981 1818 4058 rationis,

719 4708 726 4717 ’
828 4694 1110 4765 ⁸21³·79.
1295 4690 1427 4764 bn
1490 4699 1618 4764 ⁸83·

2011 551 2593 678 'cAsslm

3028 839 3033 846 ν
3087 797 3120 833 Β

2911 850 2942 884 ιιι
3269 850 3300 884 ιιι
3764 860 3771 864 -

2650 896 2854 984 Caput
2890 896 3159 993 Vulcani
3195 944 3214 976 ,
3256 915 3421 984 pone
3469 897 3761 984 forceps,
3803 897 3865 962 in
3920 933 3955 946 ν’

2639 997 2887 1062 area.S
2930 996 3166 1062 additis
3222 994 3430 1060 tribus
3471 993 3768 1078 globulis.

2362 1091 2439 1159 C.
2484 1089 2761 1156 CASSI.
2806 1093 3097 1159 ROMA.
3160 1093 3408 1168 Navis,
3482 1093 3551 1154 in
3600 1109 3753 1155 area
3797 1090 3859 1158 S.

2363 1190 2601 1256 additis
2649 1188 2859 1255 tribus
2882 1185 3182 1277 globulis.
3285 1188 3430 1252 AE.
3484 1186 3629 1249 RR.

2458 1286 2672 1370 Hujus
2720 1286 3003 1350 semissis
3051 1284 3319 1372 partim
3375 1282 3587 1347 causa
3633 1283 3887 1378 capitis

2360 1381 2650 1448 Vulcani
2684 1400 2817 1492 pro
2868 1381 3064 1447 solito
3106 1382 3176 1443 in
3227 1377 3601 1442 semissibus
3649 1380 3864 1464 capite

2358 1479 2592 1554 Ιονίε,
2640 1479 2892 1562 partim
2939 1475 3140 1542 causa
3179 1475 3581 1540 additorum
3628 1477 3720 1540 ad
3798 1476 3864 1540 8.

2360 1573 2793 1664 globulorum
2839 1574 3043 1640 altius
3077 1572 3493 1638 mentionem
3540 1569 3677 1637 feci
3714 1591 3866 1661 pag.

2371 1692 2478 1737 12.
2521 1692 2601 1758 ¹3
2655 1683 2722 1734 et
2784 1691 2891 1754 15·

3102 1764 3141 1800 ’Β

2624 1862 2859 1954 Caput
2900 1866 2949 1930 Ι
2944 1883 3094 1943 am
3112 1867 3311 1976 ,ίιιισν
3336 1865 3513 1952 aq'us
3541 1865 3748 1947 capita
3772 1861 3869 1930 tuq

2648 1959 2822 2027 nula.

2364 2057 2446 2126 L.
2480 2055 2776 2122 SALIN.
2825 2053 2904 2122 C.
2944 2055 3329 2125 CASSIVS.
3380 2061 3603 2128 prora
3646 2057 3879 2139 σανίς,

2364 2157 2462 2221 cua·
2497 2154 2895 2241 instriptum:
2944 2151 3246 2224 D.·s..S.
3345 2157 3491 2222 AE.
3539 2160 3595 2223 Ι.
3639 2153 3781 2219 RR.

2459 2250 2842 2314 Literarum
2903 2250 2993 2314 D.
3031 2250 3103 2319 So
3152 2250 3266 2330 S.,
3336 2275 3512 2346 quae
3571 2252 3887 2337 leguntur·

2367 2347 2575 2411 etiam
2610 2346 2699 2409 in·
2722 2347 3019 2410 denariis
3052 2346 3550 2431 Quinctiorum
3572 2394 3594 2424 ,
3676 2364 3879 2410 verus

2360 2443 2581 2507 sensus
2622 2443 2920 2505 nondum
2958 2457 3369 2531 compertus.
3483 2447 3871 2529 Legunt‘a-
3911 2471 3917 2478 ·

2365 2541 2481 2604 lii.
2536 2540 2671 2603 Deo
2713 2539 2939 2604 Senom‘
3002 2539 3247 2624 Sanco,
3300 2543 3418 2628 qui
3486 2537 3625 2608 ruit
3688 2545 3881 2612 Sabi-

2364 2655 2607 2702 norum
2642 2636 2845 2714 deus,
2897 2637 2983 2699 de
3020 2657 3157 2722 qua
3194 2636 3482 2702 lectione
3526 2640 3682 2704 vide
3714 2644 3883 2708 mul-

2364 2749 2439 2800 ta
2482 2735 2669 2817 apud
2708 2731 3067 2808 vrfinum,
3118 2720 3183 2815 ι)
3237 2736 3401 2798 alii:
3476 2738 3578 2801 De
3615 2739 3889 2807 Senatus

2363 2833 2722 2906 Sententia,
2775 2828 2934 2892 alii:
2985 2828 3086 2891 De
3128 2828 3351 2896 Siculis
3387 2831 3636 2898 Sardis.
3736 2838 3889 2900 SA-

2362 2922 2651 2990 Llnator
2700 2921 2789 2986 est
2818 2944 3196 3008 cognomen
3230 2927 3446 3010 gentis
3481 2929 3775 3017 Liviae,
3813 2946 3893 2999 et

2365 3022 2675 3107 Oppiae,
2727 3021 2821 3091 ad
2880 3041 3088 3104 quam
3135 3022 3572 3105 posteriorem
3640 3029 3711 3092 hi
3776 3030 3891 3096 v'i·

2363 3120 2609 3181 dentur
2651 3117 2839 3178 numi
2902 3118 3238 3200 pertinere
3265 3168 3287 3199 ‚
3332 3118 3429 3182 ‘ut
3472 3122 3769 3188 -dticetur
3812 3127 3897 3193 in,

2364 3212 2618 3298 Oppia.
2717 3212 3043 3275 Additam
3079 3213 3251 3277 Iano
3313 3217 3546 3281 lunam
3618 3222 3886 3285 Havet-

2363 3326 2645 3394 campus
2686 3308 3006 3391 opinatur
3049 3323 3455 3396 propterea,
3508 3320 3696 3403 quod
3780 3319 3893 3384 iui

2362 3403 2621 3468 tributa
2656 3403 2885 3467 fuerat
2920 3406 3079 3466 anni
3118 3408 3479 3488 dimensio,
3534 3426 3601 3475 et
3632 3434 3675 3477 a
3715 3435 3891 3478 non·

2361 3499 2569 3566 nullis
2613 3501 2913 3564 creditus
2952 3499 3169 3581 ‘filius
3248 3505 3579 3584 Hecates,
3630 3511 3698 3572 id
3744 3509 3836 3573 est
3868 3535 3895 3577 x

2361 3598 2588 3662 lunae.
2689 3598 2917 3660 Aliam
2983 3599 3255 3673 causam
3304 3602 3620 3669 dabimus
3654 3607 3723 3669 in
3766 3607 3905 3671 de-

2366 3696 2577 3759 nariis
2611 3694 2835 3779 gentis
2872 3693 3226 3763 Fonteiae.

3117 3790 3145 3822 ,
3292 3794 3296 3799 .

2938 3832 2968 3871 4
3293 3842 3324 3875 „
3394 3838 3424 3851 ..

2457 3884 2565 3947 De
2610 3879 2882 3960 Cassio,
2938 3887 3050 3969 qui
3134 3884 3223 3950 est
3298 3891 3366 3951 in
3439 3890 3906 3962 Antiochenss

2363 3977 2644 4045 Graecis
2689 3978 3005 4062 Claudii,
3030 3982 3212 4049 vide
3248 4004 3490 4055 numos
3529 3989 3910 4058 Antiochi.-

2363 4094 2447 4141 ae
2484 4074 2757 4162 Syriae
