4175 5450
625 643 628 648 «
694 600 829 676 164

687 893 838 965 AR.
889 893 1041 966 RR.
1309 893 1316 902 ’

781 995 889 1060 Ad
941 995 1136 1077 hujus
1182 995 1445 1059 denarii
1496 994 2024 1080 explicationem
2098 1015 2202 1059 ar·

684 1094 884 1165 cessit
914 1090 1328 1155 Vaillantius
1366 1091 1588 1156 verba
1619 1089 1945 1175 Stephani
1976 1091 2207 1176 perhi-

682 1188 906 1253 bentis
930 1234 951 1266 ,
1003 1191 1061 1265 ⁸)
1114 1207 1200 1252 ex
1224 1187 1391 1252 urbe
1420 1188 1720 1251 Troadis
1752 1184 2073 1273 Gergithe
2104 1187 2203 1250 di-

686 1298 869 1354 etam
909 1280 1312 1369 Gergithiam
1357 1279 1653 1369 Sibyffam
1684 1284 2079 1349 oraculorum
2096 1286 2200 1348 in-
2258 1365 2261 1370 Ι

688 1392 1017 1468 terpretem
1044 1429 1065 1464 ,
1114 1377 1294 1468 cujus
1334 1384 1548 1466 imago
1589 1383 1659 1445 in
1723 1379 2204 1464 Gergithiorum

685 1480 1073 1546 'numismate
1110 1495 1242 1544 una
1275 1499 1409 1543 cum
1436 1472 1720 1563 Sphinge
1753 1474 2026 1565 expreffa
2034 1475 2197 1562 fuit.

685 1578 939 1660 Atqui,
992 1576 1248 1661 inquit,
1297 1572 1554 1640 constat
1588 1593 1676 1637 ex
1709 1570 2032 1637 Suetonio
2064 1621 2087 1656 ,
2133 1558 2201 1655 b)

686 1672 1052 1758 Augustum
1094 1672 1286 1738 adito
1315 1677 1402 1739 V.
1457 1669 1538 1735 C.
1598 1683 1729 1752 741
1798 1667 2204 1757 pontificatu

688 1775 1039 1860 maximo,
1090 1771 1423 1858 quidquid
1485 1767 1933 1832 fatidicorum
1994 1765 2201 1829 libro-

685 1887 836 1931 rum
869 1871 1069 1936 nullis
1094 1919 1114 1950 ,
1168 1867 1282 1936 vel
1317 1886 1559 1953 patum
1593 1864 1860 1929 idoneis
1905 1862 2201 1928 auctori-

681 1964 808 2027 bus
865 1967 1253 2047 ferebatur‚
1327 1962 1645 2028 eremass'e
1697 1959 1974 2025 retentis
2046 1957 2204 2022 solis

685 2061 1059 2146 Sibyllinis.
1159 2065 1343 2131 Satis
1398 2071 1726 2146 apparet,
1792 2077 1930 2123 non
1992 2053 2206 2119 aliam

688 2160 781 2224 ob
819 2162 1089 2229 causam
1126 2159 1500 2228 Vaillantio
1539 2168 1747 2242 caput
1780 2151 2086 2237 Sibyllae
2106 2150 2206 2214 vi-

686 2257 867 2338 sum,
921 2282 1128 2345 quam
1159 2257 1361 2346 ‘quod
1403 2253 1772 2340 ¹Sphingem
1811 2246 2207 2314 inaversa

684 2354 884 2420 vidit.
984 2369 1072 2425 At
1125 2376 1292 2424 vero
1352 2351 1683 2418 habemus
1733 2365 2012 2412 numum
2066 2349 2202 2418 Au-

581 2463 592 2480 “
686 2455 850 2546 gusti
882 2478 900 2519 ι
954 2451 1405 2522 ARMENIA.
1439 2446 1745 2511 CAPTA
1772 2456 1945 2530 typo
1959 2440 2204 2529 Sphin-

687 2557 790 2643 gis
816 2601 836 2631 ‚
890 2575 1092 2639 quem
1141 2551 1325 2617 dabo
1371 2546 1442 2611 in
1478 2550 1620 2630 ejus
1664 2553 1942 2605 moneta
1971 2540 2062 2604 ad
2086 2556 2204 2601 an-

688 2670 852 2718 num
884 2652 967 2716 V.
1010 2649 1087 2714 C.
1137 2659 1299 2734 734.
1401 2645 1584 2728 Quid
1618 2643 1691 2707 in
1735 2638 1874 2715 hoe
1927 2634 2200 2702 cimelio

688 2748 971 2834 Sphingi
1008 2768 1162 2812 cum
1199 2744 1530 2828 sibylla?
1630 2735 1906 2804 Constat
1933 2730 2154 2799 ‘etiam
2178 2779 2198 2811 ,

631 2890 638 2897 ,
686 2842 979 2931 Augusto
1011 2847 1156 2927 jam
1197 2838 1518 2928 placuiss'e
1557 2835 1963 2920 Sphingem,
2016 2842 2203 2895 ante·

689 2942 1010 3029 quamin
1042 2938 1367 3005 fatidicos
1409 2933 1537 2997 hos
1581 2931 1793 2995 libros
1836 2927 2027 2992 crifin
2097 2926 2199 2988 in-

582 3073 599 3086 ·
688 3038 1035 3112 tenderet3
1085 3055 1245 3099 nam
1279 3035 1453 3095 inter
1485 3030 1682 3093 initia
1699 3025 1972 3111 imperii
2006 3024 2200 3103 hujus

689 3130 963 3199 monstri
1003 3130 1299 3215 imagine
1321 3125 1588 3212 [ignass'e
1626 3121 1940 3212 epistolas
1957 3120 2203 3186 eodem

689 3233 847 3296 loeo
896 3248 986 3296 ex
1026 3225 1368 3293 veteribus
1424 3220 1790 3287 ostendam.
1891 3219 2205 3303 Denique

693 3324 1008 3392 dubitare
1042 3324 1205 3389 licet
1229 3370 1251 3402 ‚
1300 3334 1526 3387 utrum
1592 3317 1741 3406 post
1809 3336 2057 3381 annum
2118 3316 2203 3381 V.

693 3422 771 3486 C.
812 3434 943 3503 741
985 3420 1369 3511 permiss'um
1395 3418 1632 3483 ‘adhue
1686 3414 1893 3480 fuerit
1931 3415 2205 3483 Illviris

686 3522 1083 3584 monetariis
1136 3516 1254 3613 spa
1281 3517 1350 3581 in
1393 3515 1616 3580 numis
1647 3530 2033 3599 proponere
2075 3530 2205 3574 no·

687 3616 899 3681 mina.
1000 3616 1178 3682 Sane
1222 3635 1436 3679 annus
1479 3614 1569 3677 V.
1630 3609 1710 3675 C.
1766 3622 1901 3696 738
1955 3605 2205 3694 postre-

688 3732 840 3778 mus
877 3708 989 3799 est,
1014 3713 1152 3799 qui,
1184 3709 1414 3776 saltem
1447 3707 1634 3795 quod
1653 3709 2084 3794 exploratum
2106 3703 2202 3783 fit,

689 3809 1150 3897 magistratum
1183 3808 1362 3871 hunc
1393 3804 1703 3884 offerat„
1727 3800 1938 3890 ‘atque
1992 3806 2203 3869 etiam

686 3923 832 3975 tum
881 3925 1229 3991 nunquam
1269 3901 1454 3968 abest
1499 3901 1769 3988 Augusti
1805 3899 2200 3986 vel·eaput,

685 4005 802 4072 vel
831 3999 1225 4091 epigraphe.
1322 3999 1724 4063 Remotiora
1779 3997 1984 4083 igitur
2029 4010 2201 4061 tem·

685 4122 862 4190 pora
897 4100 1015 4163 fibi
1049 4098 1365 4162 denarius
1399 4095 1512 4158 hic
1552 4093 1868 4180 postulat,
1917 4093 2064 4179 ipsa
2085 4113 2207 4159 ve·
2237 4110 2250 4119 ·

685 4218 766 4262 ro
813 4195 1074 4285 Sphinx
1103 4194 1299 4275 hujus
1328 4194 1513 4257 numi
1550 4192 1619 4254 in
1654 4188 1947 4256 nostram
1987 4208 2204 4274 usque

687 4308 989 4361 aetatem
1037 4290 1352 4377 aenigma
1398 4286 1526 4366 est,
1579 4287 1766 4351 nullo
1793 4286 2019 4350 adhuc
2051 4288 2200 4349 vin-

690 4394 839 4457 dice
887 4378 1179 4476 reperio.
1282 4383 1598 4449 Ceterum
1627 4402 1866 4447 verum
1895 4381 2202 4464 Sibyllae

758 4624 817 4687 a)
851 4624 914 4673 in
945 4608 1175 4693 Γέργις.
1244 4612 1284 4625 “”
1359 4617 1423 4683 b)
1460 4617 1519 4666 in
1558 4586 1696 4686 Aug.
1734 4630 1778 4667 e.
1814 4630 1902 4683 3¹·

688 4704 748 4750 ΙΙ.
784 4693 874 4759 56.
1068 4694 1120 4762 ἡ
1155 4692 1224 4745 Ῑ..
1259 4688 1362 4744 VI.
1399 4705 1446 4740 Β.
1483 4690 1570 4741 21⁶.

2047 4611 2145 4681 ',e)
2180 4610 2246 4663 L.
2283 4611 2436 4667 Lm.
2474 4629 2520 4667 e.
2559 4630 2642 4682 25.
2677 4610 2745 4675 L,
2774 4610 2934 4675 mv,
2973 4626 3021 4672 c.
3053 4628 3111 4683 5.

1738 4685 1784 4757 f)
1814 4685 1880 4740 L.
1918 4683 2091 4737 L111.-
2111 4699 2155 4736 e.
2195 4683 2278 4742 26.

943 717 950 724 .
1917 653 1924 660 «
1967 595 2038 676 C
2053 597 2526 683 ARISIA.

690 797 782 862 T.
826 795 1260 872 cmusws,
1290 793 1575 872 nwm.
1649 795 1910 885 Sphinx
1973 801 2216 890 fiam.

2291 817 2498 892 eaput
2549 801 2710 868 vide
2746 803 2814 867 in
2856 815 3051 890 gente
3080 803 3369 879 Maniia.

3031 899 3058 932 ἡ

2387 996 2649 1060 Omitto
2691 951 3051 1063 brevitatis
3086 957 3289 1065 eauI'a
3324 1002 3501 1068 alios
3541 1002 3632 1074 T.
3674 1004 3807 1076 Ca.

2284 1091 2788 1252 irlilfiistlflenarios
2846 1114 2970 1178 per
3029 1112 3498 1182 argumentum
3563 1123 3810 1187 parum

2364 1208 2405 1253 u
2494 1207 2587 1253 ee.

3028 1289 3061 1322 Β

2686 1349 2691 1352 -
2848 1339 2877 1371 a
3207 1341 3239 1375 x

2574 1381 2765 1448 IMP.
2846 1383 3219 1451 CAESAR.
3306 1387 3805 1462 AVGVSTVS.

2504 1519 2511 1528 ·
2581 1478 2790 1565 Caput
2823 1481 3074 1548 nudum.

2283 1574 2362 1639 P:
2400 1570 2832 1641 CARlsle.
2862 1578 3062 1641 LEG.
3096 1580 3418 1646 PROPR.
3519 1584 3598 1647 In
3650 1585 3804 1652 aliis

2285 1683 2588 1736 tantum:
2645 1671 2843 1739 LEG.
2893 1675 3039 1740 vel:
3110 1675 3312 1741 LEG.
3378 1679 3802 1746 AVGVSTI.

2293 1769 2641 1854 Tropaeum
2671 1788 2752 1834 ex
2770 1772 2968 1835 armis
2982 1771 3340 1861 Hypauicis
3354 1777 3807 1862 conflatum.—

2288 1866 2499 1932 Porta
2574 1865 2792 1945 urbes,
2859 1869 2960 1932 cm·
3040 1869 3394 1956 inscriptum
3414 1898 3439 1936 .-
3487 1857 3813 1944 EMERL

2292 1963 2441 2030 TA.
2490 1997 2590 2012 —-
2638 1962 2853 2029 Arma
2895 1964 3256 2052 Hisponem.
3307 2002 3406 2014 —
3454 1970 3531 2032 In
3568 1971 3813 2054 quina-

2291 2059 2461 2126 riis:
2535 2058 2608 2129 V
2600 2059 2827 2126 ictoria
2867 2063 3155 2150 statuens
3211 2071 3555 2151 tropaeum.
3653 2069 3806 2140 AR.

2393 2254 2720 2324 Carifium
2761 2254 3033 2344 Augusti
3057 2259 3126 2323 in
3157 2258 3483 2345 Hispania
3504 2247 3803 2347 legatum

2294 2351 2678 2419 Cantabros
2729 2366 2793 2417 et
2849 2352 3112 2419 Astures
3173 2351 3443 2420 fortiter
3474 2359 3807 2443 repressis-

2287 2449 2354 2514 se
2380 2451 2836 2530 traduntDio‚
2887 2446 2948 2533 ⁶)
2996 2453 3266 2529 Florus,
3314 2443 3377 2534 ³)
3428 2453 3725 2532 Grotius,
3754 2461 3809 2536 θ)

2295 2568 2433 2633 quo
2468 2548 2656 2612 *bello
2691 2549 2887 2613 eirca·
2914 2567 3167 2611 annum
3204 2551 3289 2612 V.
3334 2549 3412 2616 C.
3462 2568 3600 2631 729
3658 2552 3812 2617 fini-

2292 2639 2409 2725 to}
2463 2647 2559 2709 ait
2594 2646 2773 2726 Dio,
2825 2632 2876 2727 f)
2928 2642 3291 2732 Augustum
3334 2645 3637 2711 dimifiss'e
3685 2651 3812 2722 mi.

2290 2744 2443 2808 lites
2478 2740 2949 2807 EMERITOS
2987 2736 3456 2831 (ἀφηλικεςερες
3493 2763 3613 2809 των
3664 2767 3808 2833 ςρα.
3882 2734 3887 2739 ’
3946 2824 3951 2829 ·

2290 2838 2560 2926 τιωτων)
2609 2841 2842 2925 eisque
2879 2837 3114 2903 urbem
3149 2839 3218 2901 in
3272 2838 3615 2905 Lufitania
3670 2847 3807 2911 Au.

2291 2933 2545 3022 gustam
2585 2935 3086 2999 EMERITAM
3126 2935 3385 2999 dietam
3438 2938 3809 3004 aedificare

2290 3031 2697 3119 permiiiss'e,
2748 3031 2840 3095 ob
2902 3050 3111 3114 quam
3162 3032 3437 3097 eausam
3507 3035 3810 3102 denariis

2289 3128 2677 3214 inscriptum
2696 3128 3137 3192 EMERITA.
3239 3129 3494 3193 Omnes
3526 3152 3807 3223 quoque

2294 3226 2480 3290 numi
2515 3226 2757 3311 reliqui
2794 3236 3003 3311 typos
3031 3223 3289 3289 habent
3351 3228 3439 3289 ad
3497 3228 3807 3317 Hispani·

2295 3343 2407 3388 am
2433 3325 2853 3409 pertinentes
2878 3368 2899 3399 ‚
2952 3341 3038 3385 ex
3074 3341 3211 3407 quo
3258 3322 3639 3405 verifimile,
3678 3344 3805 3388 eos

2296 3439 2531 3486 omnes
2573 3421 2644 3485 in
2684 3419 2829 3505 ipsa
2872 3416 3199 3504 Hispania
3245 3430 3619 3506 prognatos
3684 3441 3805 3487 eu·

2294 3530 2487 3582 rante
2534 3537 2705 3603 opus
2764 3516 2838 3579 P.
2896 3514 3191 3592 Carifio,
3274 3536 3411 3579 non
3459 3508 3810 3583 inficiante

2252 3608 2461 3680 'istud
2505 3614 2808 3679 barbara
2862 3632 3095 3676 eorum
3143 3609 3456 3690 fabrica,
3533 3626 3675 3676 tum
3738 3627 3810 3677 et

2295 3712 2708 3797 epigraphe,
2761 3728 2923 3772 nam
2964 3709 3036 3771 in
3092 3706 3339 3772 horum
3410 3710 3750 3776 nonnullis
3778 3760 3802 3792 ,

2295 3809 2411 3891 qui
2444 3807 2585 3869 funt
2618 3806 2802 3892 apud
2839 3803 3228 3868 Motellium
3250 3852 3270 3882 ‚
3339 3817 3405 3867 et
3442 3808 3514 3869 in
3566 3807 3797 3872 museo

2293 3901 2625 3967 Caesareo
2647 3947 2667 3984 ,
2717 3920 2845 3987 pro
2880 3899 3299 3964 EMERITA
3335 3898 3579 3988 legitur
3631 3903 3741 3966 IM
3750 3906 3807 3968 1-

2292 3999 2557 4079 RITA,
2608 3998 2723 4062 vel
2760 3996 3243 4075 11M11R1TA,
3298 3999 3383 4060 de
3438 4020 3575 4084 quo
3644 3998 3803 4062 sori..

2289 4093 2495 4159 bendi
2540 4094 2749 4158 modo
2789 4094 2973 4171 vide,
3025 4113 3202 4177 quae
3234 4095 3531 4159 monebo
3570 4096 3639 4159 in
3660 4115 3804 4159 mo·

2287 4204 2452 4257 neta
2488 4190 2762 4255 Antonii
2793 4188 3051 4257 Inviti.
3153 4190 3230 4253 In
3294 4192 3623 4273 quinariis
3663 4193 3804 4257 Ha·

2286 4306 2692 4373 vet-campus
2728 4287 3091 4350 victoriam
3109 4283 3343 4350 cariffi
3365 4288 3807 4373 Hispanicam

2288 4384 2517 4462 videt,
2569 4402 2698 4468 ego
2737 4381 3091 4468 antiquum
3146 4401 3453 4460 morem,
3524 4406 3663 4469 quo
3732 4388 3807 4449 in

3283 4616 3345 4682 d)
3380 4618 3461 4677 Le
3485 4603 3678 4683 1v‚'c‚
3721 4635 3807 4681 η,
