4175 5450
227 1931 256 1944 κ
344 1867 461 1926 ze,
511 1849 873 1934 numisque
937 1851 1328 1919 inscribere.-

1565 583 2333 665 CORNELIA..

3286 635 3295 640 ,
3362 609 3497 683 „3

643 783 917 876 Serpens
949 807 1033 857 ex
1083 787 1227 877 etsta
1291 736 1672 874 promicans—
1704 790 1884 857 intra
1931 785 2077 852 ubi
2122 788 2174 854 Ι.
2232 784 2540 851 Caesaris
2583 786 2888 853 maxima
2940 786 3012 852 in
3048 786 3110 852 se
3151 787 3488 858 beneficia

501 883 506 888 ’
638 907 939 953 coronam
979 884 1396 954 hederaceam.
1454 948 1459 952 ,

1963 895 2484 962 commemorat,
2533 883 2706 949 haec
2743 885 3216 980 deprecandae
3250 889 3480 954 salutis

349 976 431 1044 P.
490 977 991 1051 LENTVLVS.
1077 983 1662 1050 IMPERATOR.
1732 984 1882 1051 Duo
1960 981 2162 1045 causa
2198 980 2593 1067 profitetur:
2650 978 2709 1063 ⁴³)
2741 982 2812 1067 se
2847 1003 2966 1066 per
3001 1004 3135 1049 eum
3176 988 3253 1049 in.
3291 986 3474 1052 colle-

331 1076 655 1164 [πρῶτος
691 1080 1136 1168 exsurgentes,

354 1179 563 1240 AAO.
664 1174 832 1242 Sunt
857 1168 1285 1264 cistophori.'
1348 1177 1732 1241 AR.-RRR.

1202 1081 1290 1143 in
1311 1099 1473 1146 area
1521 1084 1731 1145 ΑΠΛ.
1786 1078 1888 1145 vel
1953 1080 2139 1161 giam
2164 1079 2524 1164 panificum
2551 1076 2786 1167 veniſjb,
2830 1083 3218 1161 provinciam
3247 1084 3472 1170 Hispa·

1956 1176 2160 1238 nicam
2200 1194 2283 1239 ex
2314 1181 2628 1258 praetura
2683 1171 2946 1264 habuiffe
2964 1225 2986 1259 ,
3055 1181 3124 1242 in
3177 1182 3474 1262 petitione

450 1269 529 1333 In
562 1269 954 1356 Spintheres
1002 1272 1220 1338 divisa
1258 1269 1392 1337 fuit
1425 1271 1873 1338 Lentulorum
1952 1268 2306 1355 consulatus
2361 1267 2441 1335 ab
2496 1288 2564 1334 eo
2619 1269 2806 1359 flass'e
2837 1270 3278 1358 sublevatum.
3365 1278 3471 1344 Ex

348 1362 622 1429 familia
647 1372 929 1433 nomine
968 1382 1207 1451 tracto,
1235 1389 1278 1432 a
1326 1370 1629 1456 quodam
1681 1368 1877 1457 Spin·

348 1460 544 1526 there
584 1460 903 1530 histrione
930 1513 949 1544 ,
1002 1467 1112 1530 cui
1157 1465 1242 1532 L.
1284 1465 1619 1530 Lentulus
1676 1463 1871 1529 ssmil-

347 1555 555 1620 limus
592 1555 770 1639 fuit,
822 1574 891 1625 et
927 1564 1081 1647 qui,
1136 1564 1322 1649 quod
1361 1564 1653 1638 mirere,
1728 1582 1866 1628 non

350 1653 738 1735 dubitavit,
790 1669 1084 1724 tractum
1122 1680 1167 1723 a
1236 1658 1665 1722 [imilitudine
1734 1671 1872 1723 tur-

344 1749 581 1835 picula
613 1771 868 1817 nomen
900 1756 1289 1819 nominibus
1316 1757 1608 1838 reliquis
1656 1755 1872 1829 socia-

1395 1851 1733 1915 Factum
1775 1852 1866 1916 le·

340 1944 583 2031 pidum
661 1947 905 2012 iisdem
952 1968 1174 2034 paene
1223 1946 1454 2014 verbis
1508 1947 1870 2034 perhibent

344 2041 499 2104 Val.
540 2042 933 2123 Maximus,
986 2043 1050 2127 ⁸)
1102 2058 1173 2108 et
1210 2044 1491 2110 Plinius.
1543 2031 1609 2127 b)
1709 2044 1866 2130 Quo

348 2146 658 2224 tempore
695 2140 995 2203 consules
1035 2138 1228 2205 fuere
1264 2140 1591 2205 Lentulus
1628 2154 1696 2204 et
1721 2144 1870 2205 Me-

349 2233 594 2312 tellus,
648 2232 866 2318 (fuit
847 2255 906 2297 rs
941 2237 1154 2299 annus
1187 2240 1270 2302 V.
1315 2235 1394 2300 C.
1441 2239 1609 2317 ⁶97·
1617 2236 1648 2317 )
1691 2239 1864 2302 duo-

347 2347 498 2391 rum
533 2327 722 2392 limul
759 2329 1104 2393 consulum
1163 2331 1495 2414 imag-ines
1563 2331 1634 2392 in
1673 2331 1869 2396 scena

343 2424 729 2510 spectatas,
792 2423 977 2489 binis
1025 2424 1454 2489 histrionibus
1509 2426 1862 2509 productis

344 2520 706 2608 Spinthere
757 2533 825 2585 et
901 2521 1309 2609 Pamphilo,
1375 2540 1666 2604 quorum
1748 2522 1902 2585 ine.

283 2609 294 2622 ’
344 2617 744 2697 Lentulum,
795 2617 912 2684 hic
955 2618 1311 2682 Metellum
1348 2614 1724 2690 referebat3
1780 2638 1866 2681 ex

340 2714 463 2779 illo
497 2703 862 2779 Lentulum
900 2735 1145 2789 revera
1180 2713 1557 2799 Spintheris
1615 2734 1866 2778 nomen

340 2813 638 2895 traxisse,
667 2833 754 2877 ex
800 2812 1021 2876 altero
1056 2809 1412 2883 Metellum
1442 2829 1714 2896 quoque
1741 2811 1865 2876 ha·

338 2906 642 2972 biturum
714 2906 906 2972 fuiss'e
965 2928 1211 2973 nomen
1290 2906 1678 2993 Pamphili,
1744 2906 1863 2972 nili

335 3006 479 3086 jam
522 3003 854 3070 habuiffet
885 3005 1177 3069 alterum
1211 3023 1592 3090 cognomen
1629 3002 1855 3093 Nepo-

338 3101 452 3169 tis.
542 3100 871 3166 ceterum
944 3101 1058 3165 etsi
1111 3120 1362 3166 veram
1428 3102 1554 3166 effe
1616 3102 1856 3167 demus

339 3214 495 3261 eam
535 3198 915 3284 agnominis
970 3197 1262 3262 Lentulo
1326 3197 1474 3277 dati
1530 3198 1852 3280 causam,

338 3306 595 3358 certum
673 3293 772 3359 est·
850 3313 938 3361 ex
996 3293 1424 3385 sequentibus
1513 3295 1856 3373 denarii3‚

336 3387 698 3453 Lentulum
731 3394 889 3473 jam
973 3403 1131 3454 ante
1181 3389 1370 3459 suum
1436 3387 1853 3453 consulatum

338 3480 718 3567 Spintheris
745 3485 1018 3548 nomine
1069 3483 1322 3546 usum.

423 3579 722 3643 ·Denarii
767 3579 924 3642 loco
957 3579 1014 3642 1.
1063 3576 1378 3662 descripti
1401 3574 1707 3640 offerunt
1742 3596 1853 3641 ca-

333 3686 478 3788 put
503 3676 758 3739 nudum
810 3673 1218 3757 barbatum,
1287 3672 1493 3757 quale
1560 3675 1857 3738 occurrit

333 3775 406 3838 in
436 3771 665 3837 obviis
709 3770 1051 3837 drachmis
1107 3768 1691 3856 Hispaniensibus,
1753 3789 1853 3836 <ac

328 3881 695 3957 praeterea
763 3865 1058 3945 'OSCA,
1140 3866 1327 3951 quod
1425 3864 1559 3931 fuit
1601 3885 1854 3932 nomen

330 3966 736 4052 praeclarae
781 3961 1308 4035 Tarraconenfis
1369 3962 1541 4026 urbi.
1669 3962 1849 4028 Satis

331 4063 539 4148 igitur
579 4060 858 4139 causae,
926 4078 1047 4122 cur
1105 4057 1340 4145 Egnati
1399 4059 1472 4122 in
1521 4058 1851 4143 Hispania

311 4158 722 4223 credantur.
824 4158 913 4221 Et
948 4176 1116 4220 vero
1141 4153 1418 4234 constat,
1464 4153 1646 4218 hunc
1677 4154 1846 4222 Len-

332 4254 551 4317 tulum
581 4258 666 4318 V.
705 4252 781 4317 C.
822 4257 958 4337 ⁶95
1006 4250 1404 4338 Hispaniam
1462 4251 1846 4317 citeriorem

330 4367 462 4434 pro
515 4361 834 4435 praetore
901 4349 1243 4427 sortitum,
1316 4348 1402 4411 de
1489 4366 1625 4430 quo
1684 4351 1844 4413 vide

335 4443 671 4529 Pighium.
777 4445 956 4527 Quin
1001 4446 1242 4532 etipse
1298 4443 1411 4507 hic
1459 4443 1842 4527 Lentulus,

402 4619 568 4726 0¹1..
605 4654 710 4709 lx.
745 4670 799 4718 c.
837 4671 918 4724 ¹3·
953 4670 1005 4722 4.
1198 4656 1255 4724 a)
1288 4655 1357 4724 L,
1394 4656 1524 4720 Vn,
1559 4674 1617 4730 p.
1651 4673 1780 4731 379.

1954 1385 2090 1449 quo
2126 1365 2459 1445 efficitur,
2513 1366 2803 1431 Lentulo
2856 1383 3214 1452 praetore,
3286 1375 3468 1456 eJus-

1953 1481 2085 1546 que
2132 1463 2408 1553 nomine
2452 1461 2582 1528 hos
2638 1465 2710 1526 in
2739 1463 3105 1549 Hispania
3173 1464 3465 1553 lignatos

1946 1579 2239 1639 numos,
2304 1547 2545 1623 addito
2601 1560 2809 1624 etiam
2864 1560 3139 1641 OSCA,
3215 1584 3461 1652 nempe

1948 1655 2138 1718 urbis
2176 1656 2488 1734 nomine,
2538 1658 2608 1720 in
2659 1676 2797 1743 qua
2842 1658 3163 1724 malleum
3195 1666 3467 1745 experti

1950 1751 2119 1827 sunt,
2215 1753 2352 1815 Pro
2406 1752 2586 1816 hoc
2565 1773 2636 1816 ιιι
2686 1752 2839 1816 aliis
2896 1753 3181 1840 legitur:
3237 1755 3323 1839 Q.
3388 1758 3461 1825 S.

1950 1847 2070 1930 C.,
2120 1868 2364 1932 nempe
2422 1847 2747 1935 Quaestor-
2783 1851 3224 1938 provinciae,
3281 1856 3463 1935 quis-

1950 1964 2213 2028 cunque
2240 1946 2306 2008 is
2335 1943 2467 2009 fuit
2504 1945 2794 2009 Lentulo
2833 1946 3145 2026 additus,
3200 1967 3318 2012 eos
3372 1970 3461 2016 ex

1947 2040 2016 2106 S.
2056 2039 2137 2108 C.
2175 2039 2529 2107 feriundos
2570 2042 2862 2108 curavit·
2959 2042 3070 2107 Sic
3113 2055 3180 2107 et
3227 2045 3297 2107 in
3340 2064 3457 2109 nu-

1946 2139 2073 2202 mis
2114 2137 2234 2205 Cn.
2280 2138 2550 2205 Lentuli
2581 2139 2781 2225 supra
2808 2139 3036 2203 citatis
3068 2138 3209 2203 CN.
3250 2141 3453 2208 LEN.

1946 2234 2040 2317 Q..
2079 2237 2223 2300 EX.
2268 2236 2334 2299 S.
2387 2235 2462 2300 C.
2519 2234 2746 2320 Caput
2780 2237 3050 2300 anticae
3098 2237 3460 2303 verilimile

1946 2329 2038 2393 est
2070 2332 2198 2393 ess'e
2237 2333 2486 2396 veteris
2539 2333 2769 2396 herois
2804 2334 3185 2419 indigenae.
3284 2334 3453 2398 Her·
3550 2325 3577 2370 ,·

1946 2424 2116 2486 culis
2154 2425 2354 2509 ipsius
2398 2427 2615 2490 censet
2657 2428 3176 2512 Havercampus
3215 2431 3454 2514 Hispa·

1942 2517 2149 2583 niensi
2206 2519 2391 2584 cultu
2459 2521 2813 2608 propositi.
2916 2522 3141 2607 Caput
3203 2524 3453 2606 limile,

1947 2615 2287 2702 adscripto
2329 2618 2493 2681 item
2530 2615 2808 2694 OSCA,
2879 2617 3206 2698 objiciunt
3249 2620 3453 2684 dena·

1945 2714 2030 2777 rii
2057 2712 2463 2779 Domitiiex
2491 2713 2735 2778 eadem
2763 2713 2978 2776 ‚causa
2996 2758 3017 2791 ,
3064 2727 3142 2777 ut
3168 2714 3467 2793 dicetur.¹

1944 2812 2190 2874 Errare
2229 2810 2427 2888 illos,
2480 2811 2597 2894 qui
2629 2829 2871 2873 numos
2913 2810 3041 2872 hos
3109 2828 3456 2897 memora·

1942 2909 2088 2972 tum
2128 2907 2332 2970 toties
2373 2907 2576 2970 Livio
2606 2918 2961 2992 argentum
2987 2898 3273 2970 Oscense
3324 2927 3456 2991 pu-

1937 3016 2121 3083 tant,
2169 3004 2317 3067 dixi
2356 3004 2427 3067 in
2473 3002 2984 3088 Prolegomenis
3044 3003 3137 3065 ad
3206 3022 3452 3083 numos

1938 3101 2335 3186 Hispaniae.
2450 3100 2621 3163 Pars
2671 3097 2913 3164 aversa
2971 3095 3123 3162 fistit
3178 3100 3473 3182 genium·

1936 3201 2015 3265 P.
2064 3199 2149 3262 R.
2248 3195 2445 3261 Talis
2488 3197 2804 3263 nimirum
2842 3194 3330 3279 comprobatur
3362 3216 3447 3259 ex

1938 3293 2286 3377 descriptis
2316 3292 2517 3379 supra
2548 3292 2844 3355 denariis
2885 3288 3004 3353 Cn.
3057 3290 3352 3375 Lentuli,
3379 3292 3450 3355 in

1939 3391 2183 3475 quibus
2223 3392 2420 3470 juxta
2451 3397 2660 3470 caput
2692 3372 3058 3448 barbatum
3095 3388 3446 3467 diadema·

1937 3496 2082 3549 tum
2122 3481 2438 3547 adstituta
2466 3479 2658 3545 hasta
2700 3480 3015 3589 scriptum
3061 3480 3304 3566 legitur
3361 3482 3444 3547 G.

1934 3581 2014 3644 P.
2055 3580 2138 3643 R.
2237 3579 2546 3642 Eundem
2574 3576 2844 3661 genium
2878 3575 2955 3642 P.
2972 3576 3090 3638 -R.
3130 3595 3445 3665 compro·

1937 3675 2060 3739 bat
2089 3675 2297 3738 etiam
2333 3673 2851 3756 cornucopiae,
2872 3672 3070 3754 quod
3121 3690 3328 3735 manu
3374 3672 3450 3735 fi-

1935 3768 2139 3837 nistra
2168 3766 2490 3854 praefert,
2542 3785 2703 3829 nam
2738 3740 2908 3830 illud
2940 3769 3256 3831 eidatum
3280 3787 3444 3851 quo·

1935 3889 2064 3953 que
2096 3866 2406 3930 videmus
2455 3864 2527 3927 in
2586 3850 2837 3926 numis
2882 3861 3198 3951 Augusti,
3271 3883 3463 3949 quos
3562 3876 3569 3883 ’

1931 3962 2240 4031 recitabo
2283 3961 2373 4025 ad
2406 3980 2657 4024 annum
2697 3962 2780 4025 V.
2837 3956 2912 4026 C
2961 3971 3141 4043 734,
3231 3974 3297 4023 et
3371 3963 3443 4024 in

1929 4072 2141 4128 numo
2172 4055 2435 4122 Galbae
2471 4076 2624 4119 cum
2667 4054 2902 4120 aversa
2934 4057 3261 4121 MARTI.
3290 4052 3438 4122 VL-

1927 4158 2182 4231 TORI.
2276 4155 2477 4219 Patet
2519 4153 2696 4216 adeo
2721 4172 2805 4215 ex
2844 4151 2949 4217 his
2977 4156 3224 4247 numis,
3228 4149 3479 4239 quod

1926 4256 2128 4341 supra
2163 4252 2389 4329 innui,
2443 4248 2802 4315 Lentulum
2845 4252 2987 4332 jam
3019 4238 3179 4314 ante
3252 4249 3438 4313 suum

1929 4350 2346 4416 consulatum
2395 4346 2772 4432 Spintheris
2810 4365 3062 4417 nomen
3120 4332 3238 4410 fibi
3282 4365 3436 4433 pro·

1928 4449 2155 4534 prium
2199 4444 2447 4509 fecill'e.

1972 4655 2021 4743 ο)
2060 4654 2266 4713 Caesar
2297 4657 2369 4722 Β.
2405 4655 2469 4713 C.
2503 4654 2570 4711 1..
2604 4654 2656 4719 1.
2688 4670 2744 4720 c.
2776 4670 2865 4717 π,
