4175 5450
666 561 802 626 2²8

650 744 908 838 phabeti
939 792 962 824 ,
993 744 1243 835 junctis
1302 744 1490 810 etiam
1528 738 1823 828 pluribus
1908 741 2114 811 literis
2155 793 2176 825 ,

655 858 777 914 ut.-
827 846 991 910 MA.
1044 842 1179 908 CE.
1215 840 1376 910 DT.
1416 838 1717 906 ROntc.
1817 842 1964 905 AR.
2004 840 2078 905 C.

949 939 1188 1008 Eadem
1222 936 1527 1023 adversa,
1572 957 1734 1023 pone
1782 937 2008 1008 malum
2041 940 2180 1004 Pu-

634 1103 794 1201 ·EX.
836 1139 922 1201 A.
926 1057 1453 1198 ”lgcumVictoae-ia
1465 1131 1537 1198 in
1599 1133 1740 1198 citis
1816 1129 2178 1219 quadrigis.

657 1233 861 1316 (Mus.
902 1225 1127 1312 Caes.)

754 1329 998 1415 Caput
1020 1325 1303 1410 anticag
1327 1323 1398 1386 in
1437 1323 1663 1389 obviis
1726 1324 1833 1389 hie
1882 1323 2186 1388 denariis

651 1425 921 1491 formae
955 1420 1044 1489 est
1086 1419 1471 1498 insolentie,
1547 1433 1616 1486 et
1676 1426 1862 1504 cujus
1926 1421 2183 1485 sensum

504 1537 517 1548 ·
654 1543 858 1608 aegre
899 1521 1293 1604 adsequare.
1389 1517 1568 1581 Nam
1606 1520 1791 1606 quod
1844 1518 2078 1583 Vrsino
2102 1530 2184 1582 et

655 1615 1036 1685 Vaillantio
1073 1615 1285 1682 virum
1315 1611 1403 1676 est
1446 1615 1571 1678 ess'e
1600 1616 1960 1695 Mercurii,
2010 1614 2182 1679 istud

655 1732 733 1786 ut
774 1717 1173 1790 crederent,
1226 1711 1413 1778 aliud
1445 1731 1581 1778 non
1614 1712 1952 1798 impulit,
1940 1733 2180 1798 quam

655 1814 842 1904 quod
883 1809 1231 1877 adstitutas
1283 1806 1434 1871 alas
1475 1809 1832 1889 viderunt,
1900 1810 2180 1896 perinde

650 1911 840 2004 quasi
870 1910 993 1974 soli
1029 1910 1101 1972 in
1137 1908 1264 1971 has
1290 1905 1640 1990 Mercurio
1675 1910 1783 1990 jus
1807 1908 1984 1972 ess'et.
2037 1908 2179 1970 Ha-

651 2027 1069 2096 vercampus
1139 2003 1469 2068 audacter
1519 2017 1729 2089 caput
1812 2001 2180 2089 Triumphi

658 2108 858 2178 dixit.
961 2103 1317 2170 Habemus
1356 2102 1428 2164 in
1492 2114 1688 2187 gente
1766 2100 1989 2185 Papia
2037 2118 2178 2163 cer-

649 2218 798 2270 tum
835 2199 1202 2286 Triumphi
1272 2211 1481 2283 caput
1553 2197 1894 2285 adscripto
1988 2195 2053 2258 T
2055 2194 2177 2258 RI

650 2297 960 2367 VMPVS
1002 2296 1266 2382 liquido
1308 2295 1685 2365 definitum.
1785 2294 2044 2360 Absunt
2107 2293 2179 2356 in

651 2398 790 2461 hoc
828 2395 1013 2478 alae,
1066 2403 1134 2457 et
1174 2413 1302 2479 pro
1341 2393 1633 2458 tridente
1669 2392 2011 2481 prominet
2039 2401 2178 2454 tro·

651 2513 929 2583 paeum.
1031 2491 1201 2557 Cum
1260 2493 1608 2557 numinum
1647 2489 2179 2576 symbolicorum

654 2593 890 2678 capita
915 2590 1072 2658 solis
1108 2587 1365 2674 possint
1439 2589 1823 2673 attributio,
1873 2600 1994 2651 aut
2053 2586 2183 2651 ad-

654 2689 803 2753 dita
855 2688 1287 2774 inscriptione
1333 2685 1672 2774 dignosci,
1724 2683 1944 2751 nescio
1984 2684 2180 2764 sane,

655 2806 797 2870 qua
864 2783 1276 2849 confidentia
1362 2784 1573 2869 possit
1657 2783 2180 2867 Havercampue

656 2881 1026 2969 Triumphi
1059 2890 1266 2965 caput
1298 2879 1687 2957 adfirmare,
1740 2878 1927 2962 quod
1963 2896 2006 2938 a
2043 2895 2181 2939 cer·

656 2992 732 3043 to
769 2981 911 3059 ejus
942 2977 1231 3040 numinis
1280 2976 1506 3060 capite
1533 2987 1638 3039 tot
1673 2975 1897 3037 modis
1933 2970 2181 3037 differt.

655 3074 729 3139 Si
770 3083 982 3156 caput
1034 3069 1204 3133 illud
1246 3070 1445 3133 virile
1488 3068 1612 3146 est,
1694 3068 1875 3133 forte
1934 3069 2181 3132 certius

655 3168 1017 3247 Pantheon
1049 3166 1187 3231 dici
1220 3165 1433 3252 poll'et
1477 3187 1564 3230 ex
1602 3164 1947 3252 Apolline,
2002 3164 2185 3226 Mer-

657 3268 892 3347 curio,
942 3265 1260 3348 Neptuno
1298 3258 1690 3327 conflatum.
1793 3261 1910 3326 Sin
1946 3258 2185 3323 mulie-

654 3342 821 3441 bre,
874 3372 948 3424 ut
986 3360 1139 3424 sane
1177 3359 1593 3423 lineamenta
1624 3356 1952 3444 praefert,
2005 3376 2183 3441 quae

656 3461 1014 3524 mulierem
1062 3475 1201 3521 non
1251 3457 1664 3534 dedeceant,
1731 3453 1948 3543 posset
2028 3472 2218 3549 pro

655 3569 808 3642 pter
849 3555 1190 3637 adiectum
1240 3552 1603 3616 tridentem
1656 3552 1937 3634 alasque
1978 3536 2218 3614 habe-

656 3655 717 3718 ri
763 3651 1102 3725 Oceanis;
1151 3668 1315 3713 nam
1352 3648 1737 3713 Oceanides
1776 3647 2035 3712 Oceani
2060 3644 2185 3711 fili·

661 3770 741 3815 as
776 3749 903 3812 alis
940 3745 1247 3810 instruxit
1279 3743 1673 3829 Aeschylus,
1728 3743 1792 3828 ¹¹)
1884 3744 1972 3806 Et
2020 3763 2189 3808 vero

657 3844 876 3913 multa
936 3864 1029 3908 ex
1082 3839 1342 3905 fabulis
1402 3843 1611 3904 etiam
1682 3839 2185 3905 obscurioribus

657 3943 880 4032 petita
924 3942 997 4009 in
1050 3936 1185 4005 hac
1259 3956 1621 4003 numorum
1693 3936 1888 4002 class'e
1946 3955 2190 4000 occur-

630 4053 838 4108 sant.
941 4037 1076 4107 Sed
1108 4035 1271 4100 nolo
1317 4033 1481 4097 huic
1522 4038 1951 4120 conjecturae
1994 4033 2186 4096 nimi·

2037 542 2470 622 IVLIA.
2579 525 2584 532 '

3014 748 3045 781 Β

2834 795 2867 832 8
3190 797 3222 834 ί

2249 822 2259 829 ’
2271 840 2514 931 Cagfizr.

2562 939 2764 1026 Caput
2810 924 3098 1008 Ptiuadis
3132 939 3413 1021 alatum,
3447 937 3619 1028 ‘prae
3667 963 3797 1032 qno

2567 1038 2672 1117 X,
2712 1059 2877 1124 pone
2925 1060 3184 1105 ancora.
3827 1120 3839 1132 ἱ

2272 1131 2465 1199 SEX.
2498 1133 2709 1200 IVLI.
2754 1135 3104 1210 CAISAR.
3139 1135 3377 1202 Mulier
3416 1136 3483 1200 in
3521 1136 3663 1201 citis
3692 1137 3797 1205 bi-

2266 1232 2381 1314 gis
2414 1241 2755 1299 coronatur
2791 1252 2833 1298 a
2855 1233 3165 1301 Victoria
3206 1243 3381 1299 retro
3409 1235 3638 1321 stante,
3669 1234 3797 1323 su-

2266 1346 2462 1411 perne
2490 1328 2782 1393 ROMA.
2883 1311 3032 1393 AR.
3075 1331 3163 1404 R.
3279 1387 3286 1394 ,

2566 1422 2939 1489 CAESAR.
2987 1425 3192 1511 Caput
3227 1424 3548 1513 Palladis,
3596 1431 3666 1494 in
3718 1447 3799 1494 a·

2565 1540 2679 1587 rea
2723 1521 2910 1588 litera
2938 1521 3274 1607 asphabeti.

2271 1615 2354 1682 L.
2400 1616 2611 1682 IVLI.
2646 1616 2725 1683 L.
2756 1617 2834 1683 F.
2894 1619 3110 1687 Venus
3133 1618 3201 1687 d.
3231 1620 3527 1707 liepmm
3569 1624 3636 1687 in
3681 1620 3792 1687 bi-

2265 1716 2378 1799 gis
2416 1713 2786 1799 Cupidinum
2820 1715 3164 1781 volantium
3185 1763 3207 1795 ,
3253 1719 3323 1781 in
3378 1738 3533 1783 area
3604 1718 3749 1803 lyra
3766 1767 3792 1800 ,

2273 1821 2333 1876 et
2362 1809 2568 1876 eadem
2607 1810 2792 1879 litera
2813 1859 2832 1892 ‚
2886 1829 3043 1899 quae
3073 1816 3143 1878 in
3190 1816 3418 1879 antica.
3519 1817 3666 1879 AR.
3707 1814 3793 1886 C.

2365 1906 2705 1974 Denarius
2750 1910 2943 1996 prior
2981 1912 3304 1994 antiquae
3345 1909 3614 1976 formae
3674 1932 3793 1977 cu-

2268 2006 2377 2087 jus
2414 2002 2489 2065 sit
2521 2003 2679 2069 Sex.
2717 2006 2909 2083 Iulii,
2981 2007 3332 2073 incertum.
3449 2010 3793 2088 Incertum

2269 2100 2482 2164 etiam
2508 2148 2527 2179 ,
2602 2113 2829 2165 utrum
2884 2105 3223 2170 recentior
3267 2104 3442 2169 alter
3492 2104 3790 2171 referen-

2274 2198 2398 2261 dus
2447 2194 2522 2259 fit
2558 2198 2649 2262 ad
2687 2199 2764 2263 L.
2801 2197 3070 2279 Iulium,
3124 2202 3240 2284 qui
3285 2195 3515 2266 consul
3550 2201 3683 2265 fuit
3702 2206 3796 2276 V.

2273 2291 2350 2358 C.
2405 2296 2589 2378 690,
2642 2310 2709 2360 et
2761 2296 3038 2359 subinde
3099 2316 3234 2362 non
3298 2299 3639 2364 dubitavit
3690 2301 3795 2364 ire

2229 2477 2238 2486 ἡ
2270 2390 2535 2476 legatus
2575 2390 2848 2457 Caesari
2883 2390 3115 2478 postea
3147 2394 3469 2464 dictatori
3517 2397 3795 2482 propin·

2276 2506 2411 2572 quo
2450 2487 2566 2554 suo
2610 2491 2679 2552 in
2718 2488 3055 2568 Galliam,
3109 2510 3198 2555 an
3242 2493 3356 2556 ad·
3386 2497 3526 2576 ejus
3573 2493 3798 2558 filium

2273 2585 2601 2666 Lucium,
2655 2587 2771 2671 qui
2844 2585 3092 2650 Catoni
3163 2590 3257 2653 ad
3320 2590 3591 2656 Vticam
3660 2611 3800 2676 pro

2277 2682 2629 2768 quaestore
2672 2681 2934 2763 adfuit,
3004 2681 3148 2771 post
3202 2686 3470 2759 cladem
3523 2686 3802 2756 Africa·

2277 2799 2437 2843 nam
2477 2801 2521 2844 a
2552 2779 2890 2844 dictatore
2929 2800 3053 2866 per
3080 2782 3391 2863 insidiae,
3471 2796 3545 2848 ut
3593 2797 3797 2871 puta-

2272 2888 2406 2953 tur,
2458 2877 2930 2985 interemptu&
3028 2879 3201 2941 Vide
3236 2880 3554 2944 Hirtium.
3653 2884 3798 2945 Ve-

2276 2989 2400 3034 nus
2438 2972 2527 3035 ad
2563 2973 2894 3057 originem
2941 2975 3159 3059 gentis
3195 2975 3495 3057 adludit,
3548 2978 3656 3041 cui
3693 2978 3800 3042 bi-

2273 3068 2342 3129 ni
2398 3071 2685 3132 Amores
2743 3081 2927 3132 recte
3002 3069 3426 3152 tribuuntur,
3507 3087 3800 3140 canente

2275 3163 2576 3228 Ovidio.
2628 3151 2695 3246 ι’)

2420 3356 2617 3424 Ama
2653 3357 2816 3447 fave
2834 3409 2857 3446 ,
2908 3358 3051 3426 dixi
3074 3405 3095 3440 ,
3152 3365 3550 3446 geminorum
3589 3375 3806 3433 mater

3252 3462 3592 3529 Amorum.

2275 3647 2385 3712 De
2428 3647 2584 3733 lyra
2621 3651 2808 3732 quod
2850 3650 3116 3729 dicam,
3169 3672 3307 3718 non
3343 3652 3595 3723 habeo.

2831 3862 2848 3875 ι-
3033 3844 3065 3880 3

2853 3891 2885 3927 ἕ
3209 3896 3244 3933 oe

2278 3936 2430 4003 Iulii
2476 3939 2716 4004 incerti.

2571 4035 2776 4122 Caput
2799 4035 3082 4109 Pontidia
3112 4038 3389 4123 alatum,
3432 4065 3596 4130 pone
3609 4048 3806 4117 XVI.

660 4157 776 4203 um
814 4136 1157 4210 tribuere,
1180 4142 1334 4197 aut
1372 4131 1640 4217 longius
1681 4129 1987 4196 insistere.
2057 4128 2189 4192 Cu
2279 4131 2362 4198 L.
2400 4131 2610 4196 IVLI.
2646 4136 2936 4224 Dioscuri
2971 4141 3224 4226 equites,
3247 4144 3461 4208 inimo
3496 4143 3801 4213 ROMA

649 4239 763 4320 ius
812 4231 1153 4301 Burfionis
1188 4228 1309 4294 lint
1357 4228 1428 4292 hi
1460 4226 1746 4306 denarii,
1799 4229 2007 4290 etiam
2047 4223 2193 4310 post
2280 4229 2437 4293 AR.
2468 4228 2546 4293 C.

660 4333 970 4420 prolixae
1008 4327 1364 4397 Vaillantii
1409 4339 1476 4389 et
1532 4323 1997 4408 Havercampi
2034 4340 2190 4385 con·

657 4434 965 4514 jecturas
996 4448 1106 4492 me
1142 4424 1345 4511 plane
1389 4425 1704 4511 ignorare
1740 4419 2093 4508 profiteor.

2579 4324 2783 4413 Caput
2813 4328 3093 4397 Palladis
3133 4331 3374 4398 alatum
3392 4384 3415 4421 ,
3458 4357 3622 4423 pone
3655 4339 3804 4427 spi.

2571 4444 2667 4490 ca.

734 4643 790 4707 a)
826 4640 1105 4695 Prometh.
1139 4655 1195 4693 v.
1236 4649 1355 4702 124,
1392 4635 1505 4707 seq,

1679 4633 1739 4703 b)
1770 4632 1913 4687 Fan.
1947 4633 2022 4689 L.
2055 4634 2227 4697 ιν.
2203 4653 2257 4697 ,
