4175 5450
416 621 499 702 (ὃ)

300 870 546 966 craffus
577 868 959 940 Iuniana-r.

292 977 299 982 ’
398 972 702 1036 Crass'um
754 968 1115 1032 Iunianum
1161 977 1506 1034 memorat
1574 964 1819 1033 Cicero

297 1066 649 1133 hominem
686 1065 804 1131 libi
852 1066 1210 1143 deditum,
1264 1064 1331 1145 ⁸)
1385 1086 1473 1129 ex
1518 1083 1655 1150 quo
1685 1064 1824 1128 col·

295 1163 618 1252 ligimus,
682 1163 948 1227 Iunium
1005 1161 1402 1248 quempiam
1446 1163 1517 1225 in
1574 1160 1824 1225 Licini·

231 1276 235 1280 ’
294 1281 409 1327 arn
469 1259 853 1326 Crall'orum
948 1256 1290 1325 familiam
1386 1261 1817 1345 adoptatum.

291 1358 557 1422 Numos
601 1357 956 1442 inscriptos
1001 1379 1021 1421 ι
1073 1357 1149 1422 Ρ.
1213 1355 1656 1423 CRASSVS.
1696 1356 1819 1438 IV·

292 1454 413 1522 Nl.
452 1452 652 1519 LEG.
695 1452 1023 1521 PROPR.
1063 1459 1206 1539 jam
1255 1456 1550 1518 recitavi
1587 1453 1658 1516 in
1702 1472 1817 1516 nu-

297 1553 429 1616 mis
474 1551 739 1615 Metelli
778 1551 1117 1639 Scipionis
1167 1552 1391 1637 gentis
1446 1548 1831 1629 Caeciliae,

301 1646 553 1733 quibus
595 1650 960 1727 docemur,
1015 1647 1317 1712 Crass'um
1362 1648 1540 1710 hunc
1586 1642 1829 1711 Metel·

298 1742 371 1806 lo
407 1744 714 1829 Scipioni
757 1745 918 1809 belli
951 1743 1262 1808 Africani
1314 1742 1632 1809 adversus
1660 1742 1834 1808 Cae-

297 1840 517 1903 Iarem
551 1840 710 1904 duci
754 1843 1056 1927 legatum
1118 1861 1248 1927 pro
1312 1853 1633 1927 praetore
1710 1840 1828 1903 ad-

295 1933 515 2001 fuiss'e.
617 1937 980 2002 MoreIlius
1017 1937 1145 2001 hos
1203 1957 1446 2001 numos
1508 1937 1645 2001 bis
1668 1956 1826 2024 pro·

295 2033 565 2119 posuit,
616 2035 909 2123 ingente
962 2033 1270 2100 Caecilia
1302 2047 1370 2098 et
1395 2034 1705 2111 Licinia,
1757 2044 1833 2097 at

302 2129 674 2215 posteriore
734 2134 892 2197 loco
937 2132 1010 2194 in
1046 2131 1291 2195 horum
1333 2151 1467 2195 uno
1515 2149 1644 2216 pro
1708 2132 1832 2195 IV-

299 2226 426 2299 Nl
449 2226 629 2311 legit
649 2226 833 2294 IVN.
863 2227 940 2290 F.
1045 2225 1276 2308 Quare
1306 2227 1831 2311 Havercampus

305 2322 670 2431 legendum
709 2326 967 2387 censet:
1019 2321 1328 2386 IVNIam'
1348 2323 1576 2386 Filius.
1676 2321 1836 2384 Cre·

1589 663 2167 744 LICINIA.

3300 661 3455 759 23³·

2477 916 2512 951 Ο
2600 842 2604 846 v
2659 867 2691 902 κ
2835 913 2870 954 ὑ

1907 965 2214 1034 Marma.

2007 1063 2088 1128 L.
2137 1056 2548 1128 MVRENA.
2590 1057 2863 1125 ROMA
2888 1106 2919 1143 ,.
2959 1063 3030 1130 in
3080 1063 3339 1133 assibus
3379 1078 3449 1133 et
3506 1056 3509 1060 ’

1911 1155 2432 1247 quadrantibus.
2536 1154 2615 1222 C.

2584 1250 2700 1286 ,υ

2489 1303 2523 1338 n
2759 1301 2880 1350 ,ο

2218 1446 2552 1512 NERVA.
2608 1446 2814 1534 Caput
2835 1446 3151 1536 Apollinis
3185 1451 3353 1520 laur.
3493 1503 3500 1508 -

1925 1550 2012 1615 A.
2035 1545 2613 1633 L101N1.Eques
2638 1545 2867 1631 rapido
2898 1550 3098 1638 cursu.
3198 1551 3344 1614 AR.
3361 1552 3453 1622 R

2211 1642 2600 1709 NERVAf
2640 1642 2934 1715 FIDES.
2989 1646 3195 1733 Caput
3272 1647 3454 1714 Fiden·

2208 1741 2373 1806 taur.

1915 1836 2651 1906 A.L1(21N.111le.
2692 1837 2822 1903 Vir
2863 1835 3212 1923 paludatus
3253 1845 3446 1910 citato

1914 1957 2065 2023 equo
2102 1945 2312 2002 vectas
2349 1931 2697 1999 barbarum
2731 1933 2964 2000 nudum
3005 1947 3065 2000 et
3109 1934 3449 2007 barbatum

1916 2033 2198 2101 crinibus
2226 2028 2587 2117 prehensum
2631 2031 2834 2113 rapit.
2932 2033 3078 2096 AR.
3115 2034 3200 2098 R.
3289 2089 3296 2097 .

2213 2125 2552 2192 NERVA.
2619 2124 2909 2194 FIDES.
2986 2129 3191 2217 Caput
3263 2130 3446 2199 Fides·

1916 2222 2383 2385 ALBINWI‘V‘S‘Y
2375 2319 2681 2388 BRVTI.
2743 2322 2822 2387 F.
2892 2325 3080 2393 Duae
3155 2323 3451 2395 dexterae

1905 1354 2153 1461 Nerva.

307 2421 473 2484 dam
508 2417 763 2503 potius,
813 2415 1302 2483 Morellianum
1333 2405 1515 2478 hunc
1555 2436 1836 2478 numum
1899 2418 2166 2502 junctae
2204 2414 2528 2480 caduceum
2549 2417 2868 2506 sustinent.
2971 2424 3119 2484 AR.
3163 2424 3247 2485 R.

304 2517 377 2582 in
432 2514 765 2600 judicium
821 2514 1333 2589 revocandum,
1408 2532 1698 2596 cumque
1766 2513 1837 2575 in

307 2614 436 2692 iis,
489 2631 664 2695 quos
705 2611 822 2676 alii
861 2610 1177 2687 edidere,
1233 2606 1610 2673 constanter
1655 2609 1834 2695 lega·

308 2713 422 2776 tui·
467 2709 645 2774 IVN.
681 2710 792 2774 vel
843 2706 1095 2789 IVNI„
1148 2718 1215 2770 et
1267 2704 1403 2792 ipse
1477 2699 1835 2793 Motellius

307 2809 584 2883 variet,
634 2806 798 2870 licet
833 2804 1194 2890 suspicari,
1247 2802 1562 2867 Morellio
1613 2804 1836 2889 legen-

311 2908 407 2970 do
446 2903 623 2967 IVN.
669 2905 747 2970 F.
799 2903 1063 2966 illusum
1102 2899 1319 2972 fuiss‘e.
1422 2900 1571 2963 Hos
1615 2899 1838 2964 Crassi

310 3001 587 3067 Iuniani
648 3018 893 3063 numos
938 2998 1326 3083 explicatos,
1363 2997 1522 3062 vide
1566 2998 1638 3063 in
1691 3018 1835 3064 mo·

311 3112 481 3167 neta
526 3094 795 3162 Metelli
835 3095 1198 3181 Scipionis-

1064 3193 1095 3225 ἢ

311 3295 558 3363 Macer.
1132 3346 1141 3352 ,
1241 3238 1273 3276 .
1524 3336 1535 3347 .

608 3390 907 3455 Protome
931 3385 1233 3472 juvenilis
1271 3385 1517 3473 obverso
1552 3397 1734 3471 tergo
1776 3384 1839 3450 d.

608 3485 791 3549 telum
827 3484 1140 3568 trtsulrum
1194 3483 1431 3547 vibrat.

316 3577 397 3648 C.
435 3577 857 3645 LICINIVS.
922 3576 1002 3643 C.
1050 3578 1125 3642 F.
1206 3575 1547 3640 MACER.
1631 3575 1846 3643 Pallas

309 3681 383 3744 in
418 3679 561 3743 citis
573 3676 911 3761 quadrigis
927 3674 989 3736 d.
1014 3672 1241 3761 hastam
1259 3678 1547 3738 intentat.
1587 3673 1731 3736 AR.
1754 3673 1835 3737 R.

414 3776 551 3839 Pro
638 3785 808 3856 typo
865 3770 1186 3848 anticae,
1254 3773 1368 3855 qui
1444 3770 1837 3856 Apollinem

310 3874 648 3954 Vejovem
692 3866 878 3945 listit,
934 3867 1201 3930 consule
1249 3870 1434 3931 dicta
1495 3870 1558 3930 in
1618 3869 1836 3930 numis

316 3971 536 4058 gentis
588 3963 889 4029 Caeliae
911 3975 978 4027 et
1013 3964 1365 4031 Fonteiae.
1466 3963 1839 4027 Verisimile

316 4063 449 4141 est,
460 4065 837 4169 pertinere
876 4060 1048 4124 hunc
1081 4062 1427 4125 denarium
1463 4063 1556 4124 ad
1590 4059 1664 4124 C.
1688 4062 1835 4123 Ma-

316 4180 549 4238 crum,
606 4161 716 4242 qui
767 4170 1087 4244 praetore
1147 4156 1473 4222 Cicerone
1529 4169 1835 4241 repetun-

321 4258 567 4320 darum
613 4274 766 4319 reus
814 4254 1130 4318 omnibus
1174 4253 1503 4339 suffragiis
1556 4255 1837 4316 damna·

314 4363 428 4417 tus
468 4352 748 4415 vivenffl
782 4352 921 4437 ipse
957 4349 1160 4413 finem
1198 4348 1381 4418 fecit.
1485 4350 1669 4414 Vide
1696 4353 1836 4433 ejus

312 4445 488 4512 facti
532 4445 720 4509 testes
761 4448 945 4533 apud
992 4448 1571 4547 Havercampum.

335 4588 522 4611 μ

390 4653 640 4723 a)adfr
643 4657 918 4719 arremL
953 4659 1063 4723 111
1101 4676 1199 4732 ep.
1232 4668 1295 4722 s.

423 4728 609 4810 (Vol.
667 4732 794 4822 V.)

2015 2516 2100 2575 A.
2128 2509 2548 2575 LICINIVS.
2591 2513 2927 2579 NERVA.
2967 2503 3294 2585 SILIAN.
3321 2521 3446 2583 111·

1917 2609 2106 2673 VIR.
2147 2613 2230 2673 A.
2265 2614 2349 2672 A.
2379 2611 2462 2671 A.
2509 2607 2589 2671 F.
2635 2609 2719 2680 F.
2766 2613 2835 2677 in
2878 2613 3026 2677 AE.
3070 2617 3153 2678 11.
3186 2635 3321 2681 cum
3350 2637 3450 2682 ca·

1911 2708 2048 2793 pite
2096 2706 2390 2791 Augusti.
2493 2703 2575 2769 R.

2027 2804 2213 2887 Quid
2251 2803 2525 2867 Nervae
2568 2823 2720 2867 cum
2768 2805 2965 2871 Fidei
3024 2808 3290 2895 capite,
3356 2812 3456 2877 in-

1926 2913 2213 2964 certum.
2317 2900 2527 2984 Typo
2584 2902 2860 2966 aversae
2921 2905 3203 2969 alterius
3262 2910 3449 2974 numi

1924 2998 2296 3082 antiquarii
2333 2997 2623 3061 indicari
2676 3000 2939 3064 censent
2981 3008 3062 3067 A.
3117 3000 3457 3070 Licinium

1924 3095 2228 3159 Nervam
2260 3141 2282 3172 ,
2337 3096 2453 3179 qui
2493 3108 2772 3182 praetor
2808 3099 3298 3165 Macedoniam
3321 3103 3458 3167 sor·
3519 3179 3534 3193 .

1922 3194 2088 3258 titus
2143 3194 2394 3280 pseudo
2429 3231 2451 3244 ·
2495 3194 2805 3257 Perseum
2857 3219 2981 3282 per
3019 3192 3460 3281 ‘quaestorem

1926 3291 2110 3354 suum
2151 3293 2357 3370 vicit,
2414 3311 2499 3353 ex
2534 3311 2821 3372 quorum
2863 3314 3024 3378 ergo
3066 3300 3459 3373 conjectura

1925 3387 2264 3450 barbarus
2318 3387 2428 3450 hic
2471 3387 2767 3450 crinibus
2801 3401 3058 3453 tractus
3097 3389 3303 3454 fellus
3347 3395 3473 3458 hic-

1924 3483 2207 3545 Perseus
2252 3479 2358 3544 est.
2477 3481 2693 3544 Iidem
2753 3496 3040 3568 putant,
3094 3506 3180 3547 ex
3248 3502 3456 3553 numo

1926 3578 2048 3639 111.
2084 3577 2385 3640 Nervam
2415 3577 2597 3662 polre
2621 3579 2900 3663 probari
2921 3580 3009 3644 D.
3030 3582 3220 3644 Bruti
3249 3604 3458 3668 quae-

1928 3671 2209 3753 storem,
2263 3685 2338 3736 at
2382 3673 2594 3736 multo
2641 3675 3105 3759 verisimilius,
3189 3682 3459 3763 p‘ermu-

1924 3783 2112 3841 tatas
2138 3768 2327 3832 fuiss'e
2350 3771 2686 3833 matrices.
2789 3773 3216 3837 Vocabulum
3248 3777 3453 3841 SILI-

1923 3867 2073 3933 AN.
2105 3910 2124 3943 ,
2178 3868 2364 3949 quod
2401 3865 2489 3929 est
2528 3866 2594 3928 in
2641 3887 2843 3930 numo
2899 3869 3275 3956 postremo,
3327 3876 3447 3938 do·

1926 3975 2070 4042 cet,
2122 3962 2360 4031 Silium
2393 3952 2692 4048 aliquem
2753 3986 2794 4028 a
2859 3966 3123 4032 Licinio
3164 3971 3456 4058 adopta·

1924 4075 2094 4127 tum.
2196 4060 2300 4124 Ex
2338 4061 2659 4125 sententia
2699 4062 2891 4143 hujus
2933 4067 3116 4127 numi
3160 4068 3456 4133 Velleius
3493 4102 3504 4113 “

1928 4177 2244 4242 quoque:
2290 4146 2357 4240 .¹²)
2409 4166 2468 4221 et
2496 4158 2587 4222 A.
2632 4158 2913 4223 Licinius
2979 4163 3200 4228 Nerva
3254 4163 3454 4230 Silia-

1926 4275 2048 4319 nus
2080 4255 2160 4328 P,
2210 4252 2358 4319 Silia·
2378 4254 2601 4343 filius,
2673 4276 2846 4342 quem
2883 4260 3097 4341 virum,
3128 4269 3240 4327 etc.
3264 4307 3283 4338 ‚
3340 4263 3457 4343 'qui

1929 4353 2307 4436 imperante
2352 4349 2642 4438 Augusto
2698 4353 2767 4415 in
2819 4351 3000 4418 bello
3056 4354 3456 4422 Dalmatico

1933 4444 2185 4510 strenue
2225 4446 2284 4509 se
2326 4447 2547 4535 gessit.

1398 4676 1403 4681 ·
1526 4611 1598 4727 b).
1621 4660 1687 4715 L.
1724 4659 1800 4713 11.
1840 4676 1884 4713 c.
1926 4663 2050 4714 126.

2921 4737 3076 4838 (ξε

1903 4792 1931 4830 0
