4175 5450
726 604 806 669 ι’,

703 788 946 857 iisdem
984 795 1295 879 utrinque
1333 793 1519 880 typis
1560 794 1840 882 insignes
1881 798 1952 860 in
1999 805 2216 860 extre·

709 909 824 951 ma
876 908 1090 973 usque
1162 891 1335 975 reip.
1414 902 1729 975 tempora
1811 893 2219 978 perdurant,

703 1004 867 1047 nam
903 996 970 1047 et
1005 984 1201 1048 aenei
1236 982 1435 1069 ipfius
1491 985 1643 1048 Sex.
1698 988 2005 1072 PompeJ’i
2060 985 2219 1048 hinc

711 1078 858 1142 Iani
893 1092 1133 1163 caput,
1184 1078 1369 1144 illinc
1405 1099 1679 1165 proram
1739 1084 1931 1145 navis
2008 1078 2218 1145 oflen-

708 1185 874 1238 tant.
975 1171 1149 1239 Istud
1193 1194 1343 1237 cum
1407 1178 1849 1260 experientia·
1875 1178 2018 1260 ipsa
2069 1195 2218 1238 cer-

707 1280 850 1332 tum
888 1265 999 1345 fit,
1055 1270 1295 1332 mirum
1352 1268 1714 1353 profecto,
1814 1271 2004 1334 fuiss’e
2050 1271 2222 1334 anti·

706 1364 1029 1445 quarioS,
1083 1365 1195 1446 qui
1232 1377 1437 1450 typos
1469 1364 1597 1427 hos
1661 1364 1860 1430 statos
1906 1366 2220 1447 fixosque

708 1455 1023 1521 historiae
1058 1460 1310 1522 invitos
1359 1458 1771 1543 applicuere.
1884 1458 2221 1544 Exemplo

708 1551 841 1614 esto
878 1554 1216 1638 Begerus,
1268 1554 1384 1637 qui
1427 1574 1579 1616 cum
1618 1555 1729 1618 vel
1768 1557 1940 1620 solos
1993 1555 2225 1617 Fulvii

707 1646 922 1710 Vrfini
958 1668 1201 1711 numos
1247 1650 1718 1713 contendendo
1755 1652 2048 1736 experiri
2119 1647 2221 1711 fa

1923 574 2374 671 cA'PvT·
2455 585 2557 669 11.

2293 808 2453 858 vem
2490 790 2876 878 catalogum
2941 810 3028 855 ex
3075 788 3424 858 Thesauro
3506 788 3804 858 Motellii

2295 906 2748 973 componere:

2391 985 2593 1068 Caput
2637 980 2939 1059 Vulcani,
2986 1002 3147 1066 pone
3183 981 3225 1046 S
3265 992 3326 1046 et
3371 993 3502 1048 tres
3544 981 3806 1068 globuli.

2275 1085 2353 1154 αἶ
2406 1076 2482 1141 C.
2515 1064 2787 1143 CASSI
2821 1077 3109 1142 ROMA.
3168 1070 3615 1155 Pioranavis,
3649 1081 3807 1163 jux·

2296 1184 2367 1239 ta
2403 1173 2446 1237 S
2504 1182 2562 1237 et
2591 1181 2720 1237 tres
2747 1169 3010 1256 globuli.
3111 1172 3327 1237 Semis
3382 1174 3596 1259 gentis
3653 1171 3806 1237 Car.

2297 1268 2683 1426 fiaROMA.
2740 1362 2943 1446 Caput
2963 1363 3131 1427 Iani.
3181 1369 3240 1436 x
3291 1361 3434 1427 CN.
3455 1362 3804 1432 BLASIO.

2302 1456 2440 1521 CN.
2485 1457 2562 1520 F.
2622 1455 2912 1521 Victoria
2934 1459 3117 1543 stans
3156 1457 3217 1521 d.
3256 1459 3528 1524 malleum
3562 1469 3808 1551 tropae-

2296 1573 2402 1617 um
2421 1553 2669 1639 statuit.
2754 1555 2866 1614 As
2914 1552 3130 1637 gentis
3186 1550 3565 1618 Corneliae.

2317 1696 2326 1699 -
2397 1647 2790 1730 Caputlani.
2837 1652 2896 1719 Ξ
2946 1645 3028 1708 L.
3046 1648 3455 1711 MVRENA.
3519 1649 3808 1713 Victoria

711 1742 838 1806 cile
877 1743 1232 1830 potuisset,
1282 1744 1410 1808 hos
1466 1757 1670 1828 typos
1742 1748 1868 1808 ess'e
1939 1746 2226 1830 ponderi
2287 1745 3101 1834 flanstropaeumcoronat.
3133 1744 3465 1827 Asgentis
3487 1743 3810 1808 Liciniae.

709 1840 1329 1917 adcommodatos,
1386 1840 1690 1903 malebat
1744 1861 1863 1905 eos
1910 1838 2224 1904 historiae

710 1933 1052 2015 subjicere.
1152 1934 1264 1998 Sic
1301 1934 1417 1998 ubi
1450 1948 1683 1998 notum
1724 1934 1801 1999 C.
1824 1936 2065 1998 Aburii
2088 1934 2226 1998 sex·

710 2040 964 2093 tantem
1008 2016 1344 2112 explicat,
1398 2030 1464 2112 ²)
1516 2032 1653 2107 ait,
1733 2051 1815 2093 eo
1872 2032 2159 2094 indicari
2204 2078 2225 2109 ,

710 2125 894 2204 qnod
949 2121 1157 2185 refert
1197 2124 1476 2203 Livius,
1531 2124 1607 2188 C.
1666 2123 1995 2188 Aburium
2036 2123 2232 2193 fuiffe

713 2218 1207 2293 interJuviros
1252 2221 1341 2284 ad
1377 2220 1781 2283 Masiniss'am
1812 2220 2062 2297 miss'os,
2083 2233 2228 2284 tum

714 2313 1060 2375 Mercurio
1100 2314 1367 2378 anticae
1400 2317 1626 2378 notari
1652 2317 1855 2378 deum
1885 2316 2229 2379 amicitiae

719 2421 787 2469 et
834 2405 1160 2485 foederis,
1211 2411 1372 2474 navi
1418 2411 1692 2473 aversae
1734 2409 2230 2495 profectionem

719 2503 1182 2580 maritimam,
1232 2506 1514 2590 perinde
1558 2504 1739 2589 quan
1776 2526 1910 2570 non
1991 2526 2230 2571 omnes

716 2596 1052 2661 sextantes
1091 2600 1161 2660 in
1204 2602 1431 2664 antica
1454 2600 1895 2684 Mercurium,
1943 2603 2013 2663 in
2037 2621 2231 2666 aver·

714 2693 787 2756 sa
825 2693 1057 2760 navim
1102 2693 1530 2760 ostentarent.
1631 2697 1838 2774 Novi,
1890 2717 2025 2760 non
2058 2717 2230 2783 pau·

717 2807 837 2854 cos
878 2791 945 2851 in
1005 2790 1335 2876 catalogis
1374 2807 1612 2854 numos
1651 2811 1900 2855 aeneos
1947 2794 2014 2854 in
2054 2793 2234 2856 hanc

716 2902 1079 2948 numorum
1128 2884 1396 2949 class'em
1414 2887 1696 2970 conjici,
1750 2888 1866 2969 qui
1898 2898 2106 2995 typos
2142 2885 2232 2949 ab

718 2980 826 3041 his
856 2966 1162 3042 diversos
1201 2979 1567 3057 exhibent,
1643 2992 1715 3043 at
1763 2983 1930 3044 novi
1983 2981 2231 3062 etiam,

725 3072 909 3156 quod
943 3075 1084 3155 jam
1144 3073 1233 3137 ab
1284 3076 1436 3138 aliis
1494 3072 1583 3137 est
1642 3065 2232 3155 animadversum,

722 3188 859 3231 non
894 3187 1130 3232 omnes
1200 3190 1482 3253 numos,
1534 3171 1648 3253 qui
1701 3171 1915 3255 gentis
1981 3173 2233 3234 Roma-

721 3281 852 3327 nae
918 3282 1166 3328 nomen
1247 3265 1649 3342 enunciant,
1700 3268 2057 3330 Romanos
2107 3267 2232 3330 ess'e

721 3360 1099 3443 putandos:
1172 3362 1333 3424 lam
1364 3360 1541 3422 enim
1576 3360 1733 3424 satis
1781 3374 2231 3445 compertum,

729 3473 962 3516 corum
1019 3455 1269 3519 multos
1339 3456 1797 3532 Panormum,
1861 3453 2167 3520 Paestum
2215 3504 2236 3536 ,

729 3561 849 3613 aut
883 3548 1201 3614 aliorsum
1243 3552 1626 3635 pertinere,
1678 3553 1863 3635 quod
1912 3553 1981 3614 in
2034 3551 2237 3639 lingu-

728 3645 949 3708 larum
986 3645 1256 3710 urbium
1297 3657 1574 3728 moneta
1613 3646 2240 3732 comprobavimuS.

672 3771 689 3784 ι
732 3740 923 3802 Idem
954 3740 1363 3804 sentiendum
1391 3742 1475 3802 de
1509 3742 1736 3804 aeneis
1769 3745 2061 3827 gentium
2087 3741 2241 3807 Clo·

2397 1837 2744 1900 NVMAE.
2802 1836 3207 1899 POMPlLI.
3268 1836 3508 1900 ANCl.
3569 1840 3811 1901 MAR-

2305 1931 2418 1996 CI.
2472 1932 2696 2015 Capita
2713 1934 2958 2016 jugata
2989 1932 3237 1997 Numae
3269 1942 3331 1997 et
3362 1931 3550 1998 Anci.
3625 1940 3684 2007 χ
3732 1932 3808 1998 C.

2305 2024 2620 2091 MARCI.
2657 2025 2966 2092 CENSO.
3005 2027 3297 2097 ROMA.
3350 2029 3568 2093 Prora
3602 2031 3808 2101 navis.

2305 2122 2409 2186 As
2445 2124 2661 2205 gentis
2692 2122 3021 2187 Marciae.

2404 2218 2632 2301 Capita
2660 2216 2952 2282 Herculis
2980 2227 3041 2281 et
3082 2217 3388 2281 Mercurii
3421 2218 3615 2289 instar
3668 2218 3819 2283 Iani

2307 2314 2651 2399 conjuncta.
2701 2319 2758 2388 ξε
2798 2312 2878 2376 L.
2918 2312 3218 2376 RVBRI.
3252 2312 3622 2376 DOSSEN.
3660 2314 3817 2376 Pro.

2305 2430 2389 2475 ra
2425 2410 2607 2474 navis
2631 2456 2651 2487 ,
2688 2409 2891 2495 Juxta
2925 2409 3206 2493 templum
3246 2408 3518 2492 dssyium
3539 2452 3558 2483 ,
3641 2411 3818 2473 intra

2309 2504 2477 2591 quod
2504 2524 2628 2571 ara
2661 2525 2797 2571 cum
2836 2524 2951 2569 ovo
2986 2512 3047 2569 et
3068 2504 3368 2589 serpente.
3469 2507 3565 2567 As
3603 2504 3819 2588 gentis

2307 2599 2632 2664 Rubriae.
2793 2662 2798 2669 ,

2410 2697 2613 2782 Caput
2635 2696 2808 2761 Iani.
2857 2701 2916 2769 Ξ
2965 2696 3035 2763 Ρ.
3077 2694 3233 2760 ΤΕ.
3309 2694 3548 2761 Gemini
3583 2692 3815 2768 lacten-

2311 2803 2423 2857 tes.
2524 2795 2619 2853 As
2663 2790 2838 2854 forte
2886 2794 3099 2876 gentis
3145 2793 3531 2857 Terentiae.

2408 2886 2510 2948 En
2549 2905 2634 2948 ex
2672 2896 2862 2949 tanto
2911 2904 3191 2951 numero
3265 2908 3613 2950 numerum
3669 2821 3823 2950 sane

2313 2979 2702 3067 ignobilem.
2803 2982 2895 3044 Vt
2932 3001 3091 3067 ergo
3131 2981 3296 3068 legis
3332 2981 3569 3058 instar,
3646 3001 3822 3067 quae
3933 3021 3940 3032 -

2314 3074 2566 3139 nonnisi
2607 3073 2938 3139 rarissime
2972 3075 3183 3160 fallit,
3253 3078 3495 3140 haberi
3548 3078 3766 3162 possit
3803 3127 3826 3158 ,

2318 3171 2445 3234 ess'e
2492 3189 2732 3234 numos
2779 3172 3172 3248 Romanos,
3227 3174 3341 3255 qui
3387 3175 3572 3256 typis
3630 3173 3827 3256 supra

2317 3268 2717 3330 memoratis
2748 3264 2893 3329 sunt
2940 3267 3265 3350 praediri,
3317 3267 3586 3334 itavix
3633 3267 3825 3330 dubi-

2318 3373 2498 3436 tem,
2550 3382 2715 3439 e03,
2772 3361 2887 3445 qui
2920 3361 3294 3443 abludunt,
3369 3361 3512 3425 fere
3572 3363 3836 3448 semper-

2322 3456 2518 3519 alteri
2567 3456 2867 3542 populo,
2920 3454 3030 3518 etfi
3068 3456 3339 3540 ignote,
3399 3457 3831 3523 tribuendos.

2321 3552 2428 3614 De
2472 3552 2691 3615 numis
2741 3551 3027 3635 copiosis
3096 3551 3358 3628 aureis,
3445 3554 3824 3636 argenteis,

2324 3647 2554 3711 aeneis
2603 3692 2623 3723 ,
2693 3647 2810 3729 qui
2839 3647 3108 3709 ROMA
3136 3645 3518 3730 inscriptum
3550 3647 3829 3724 habent,

2327 3753 2397 3804 et
2431 3742 2584 3805 aliis
2627 3740 3029 3824 sunt-typiS,
3083 3753 3304 3804 utrum
3356 3754 3633 3805 moneta
3696 3739 3830 3805 Ro-

731 3833 928 3910 viae,
1003 3834 1316 3920 Oppiae,
1383 3835 1844 3920 aliarumque,
1920 3840 2078 3923 qui,
2176 3851 2247 3902 ut
2324 3854 2534 3899 mana
2569 3834 2853 3919 putandi
2907 3834 3070 3914 lint,
3124 3848 3358 3920 agetur
3401 3835 3605 3904 infra.

738 3928 1087 4007 dicemus,
1167 3933 1527 3993 commatis
1594 3934 1925 4017 peregrini
1960 3934 2247 4000 ,indicia

738 4024 973 4088 omnia
1002 4025 1349 4111 praebent.
1450 4026 1539 4088 Hi
1568 4046 1802 4091 omnes
1836 4027 1902 4106 si,
1954 4041 2027 4090 ut
2047 4047 2248 4112 opor·

737 4132 871 4196 tet,
927 4122 1403 4199 excludantur,
1457 4122 1738 4207 exiguus
1779 4121 2102 4207 supererit
2133 4140 2248 4182 nu-

739 4234 968 4282 merus
1014 4236 1242 4280 eorum
1261 4259 1284 4300 ,
1337 4218 1452 4300 qui
1488 4217 1695 4279 aliam
1729 4216 1945 4301 legem
1975 4217 2247 4299 sequan-

743 4301 893 4391 tur‘,
946 4331 1249 4397 quosque
1288 4312 1599 4390 dubitare
1658 4329 1955 4394 nequeas
2020 4328 2249 4371 mone-

738 4421 854 4473 tae
878 4406 1062 4472 urbis
1099 4406 1510 4472 inserendos.
1611 4406 1810 4468 Iuvat
1843 4425 2077 4468 eorum
2105 4404 2249 4467 bre-

2421 3930 2750 3995 Valorem
2805 3931 3131 4014 pecuniae
3193 3949 3449 4010 aeneae
3532 3931 3842 3994 indicant.
3945 3955 3954 3966 ·

2327 4035 2532 4088 notae
2576 4021 2955 4101 adstitutae‚
3010 4024 3094 4087 fic
3125 4035 3197 4086 ut
3238 4025 3439 4086 ass‘em
3472 4023 3689 4089 faciat
3719 4045 3834 4089 no..

2276 4181 2305 4200 ,
2331 4131 2406 4183 ta
2439 4120 2472 4182 1
2495 4168 2517 4202 ,
2569 4120 2884 4182 semiss'em
2928 4119 3012 4197 S,
3064 4118 3392 4202 reliquum
3431 4140 3671 4206 agmen
3719 4140 3836 4184 nu·

2331 4234 2523 4278 mero
2561 4213 3017 4302 globulorum,
3070 4215 3185 4298 qui
3214 4215 3458 4279 unciae
3489 4215 3634 4278 sunt
3672 4217 3836 4279 indi-

2332 4330 2444 4374 ces
2453 4359 2504 4396 ,.
2534 4309 2911 4375 definiatur.
3011 4311 3198 4373 Nota
3232 4311 3292 4371 X
3333 4312 3564 4374 decem
3622 4310 3788 4373 affes
3814 4358 3836 4390 ,

2335 4406 2445 4469 seu
2496 4405 2823 4469 decuss'em
2871 4417 3065 4469 notat
3125 4407 3193 4472 in
3235 4418 3510 4476 maneta
3578 4425 3838 4483 aenea,

722 4539 3845 4574 Μ

796 4618 873 4688 Δ)
911 4615 1195 4672 Observat-
1230 4630 1288 4685 p·
1324 4622 1413 4682 38·

3803 4811 3836 4834 -Ι
