4175 5450
690 638 828 704 114

643 815 887 880 nendis
937 813 1495 902 explicandisque
1562 815 1984 882 familiarum
2053 836 2174 879 nu·

646 914 777 976 mis
834 915 1051 976 tenuit
1084 962 1104 993 ,
1173 912 1404 982 se‘dulo
1477 915 1812 978 retinuere
1888 909 2169 998 posteri,

647 1019 853 1091 atque
899 1010 1108 1073 iidem
1147 1029 1374 1097 pauca
1417 1009 1579 1074 scitu
1617 1012 1823 1095 digna
1855 1009 2170 1085 attulere,

601 1097 621 1114 ⁸
648 1123 826 1188 quae
862 1124 999 1170 non
1039 1117 1195 1182 ante
1234 1126 1280 1170 a
1316 1105 1573 1170 summo
1632 1106 1767 1170 hoc
1815 1106 1966 1171 viro
2015 1102 2172 1167 fuis·

646 1198 787 1264 sent
825 1201 1253 1287 praemansa.
1357 1203 1623 1267 Vellem
1674 1215 1961 1281 tamen,
2030 1220 2167 1264 non

645 1316 875 1382 pauca
909 1298 1202 1363 absurda
1237 1318 1320 1362 ac
1356 1296 1617 1362 frivola
1649 1297 1967 1376 abessent,
1991 1317 2170 1382 quae

644 1397 1076 1478 praeclarum
1109 1396 1243 1459 hoc
1277 1415 1449 1481 opus
1494 1396 1930 1477 dedecorant.
2034 1394 2171 1456 Ra·

644 1490 740 1553 ris
774 1493 918 1574 jam
957 1495 1097 1575 ejus
1149 1491 1481 1577 exemplis
1515 1538 1534 1567 ,
1587 1473 1820 1556 alteris
1864 1490 2032 1555 illud
2063 1502 2175 1572 ty·

644 1585 753 1671 pis
787 1584 1202 1653 CAROLVS
1247 1587 1643 1652 PATINVS
1692 1585 2170 1651 restituendum

648 1685 917 1748 curavit
979 1684 1249 1748 Parisiis
1329 1687 1508 1773 1663
1563 1684 1818 1749 additis
1878 1683 2170 1747 modicis

647 1776 777 1841 suis
833 1779 1467 1860 observationibus,
1564 1773 1967 1867 numisque,
2054 1779 2170 1863 qui

649 1872 957 1940 Vrfinum
993 1875 1330 1963 fugerunt.

747 1971 1141 2038 IOANNES
1207 1972 1852 2039 VAILLANTIVS.
1973 1974 2187 2040 Num.

649 2072 897 2156 antiqui
925 2069 1326 2158 familiarum
1364 2070 1796 2137 Romanarum
1850 2069 2227 2160 perpetuis

649 2166 1277 2252 interpretationibus
1303 2166 1613 2257 illustrati.
1713 2166 2180 2258 Anfielaedami

648 2277 834 2344 1703.
893 2263 1070 2329 Tam.
1108 2265 1215 2334 II.
1265 2266 1332 2327 in
1368 2285 1435 2350 4.

709 2397 719 2408 -
755 2358 883 2421 Cui
915 2378 1054 2422 non
1098 2360 1375 2446 cognita
1412 2364 1752 2448 praeclari
1805 2363 2004 2442 huius
2043 2360 2179 2425 viri

651 2455 725 2518 in
763 2452 1139 2519 universam
1180 2476 1325 2519 rem
1392 2461 1946 2524 numismaticam
1983 2458 2181 2521 meri-

653 2555 781 2616 ta?
879 2550 1018 2614 Sed
1057 2563 1128 2614 et
1165 2555 1442 2639 cognita
1485 2559 1627 2639 ejus
1661 2558 1732 2619 in
1770 2556 1957 2620 omni
2033 2552 2181 2618 fere

662 2659 1063 2736 argumento
1095 2663 1423 2737 peccata,
1475 2672 1651 2738 quae
1691 2652 1738 2714 si
1773 2654 1842 2716 in
1874 2650 2183 2738 praesen.

656 2760 726 2813 te
769 2765 976 2833 opere
1040 2749 1259 2833 magis
1337 2768 1545 2834 quam
1617 2751 1689 2813 in
1729 2750 1890 2814 aliis
1941 2749 2188 2832 gravia

658 2844 845 2924 sunt,
900 2854 967 2906 et
989 2843 1383 2922 cumulata,
1432 2846 1505 2908 in
1543 2845 1747 2910 causa
1774 2844 1946 2922 fuit,
1999 2847 2186 2927 quod

657 2936 974 3003 festinare
1007 2937 1517 3004 lucubrationes
1567 2940 1844 3024 jusserat
1902 2951 2120 3002 metus
2164 2988 2187 3020 ,

657 3055 745 3105 ne
787 3045 1336 3119 praeverteretur
1396 3056 1442 3100 a
1512 3036 1841 3101 Morellio
1893 3036 2188 3101 eundem

661 3129 974 3196 laborem
998 3130 1392 3198 meditante.
1489 3133 1664 3198 Vide
1686 3128 2189 3216 praefationem

660 3225 1132 3309 Havercampi
1158 3226 1250 3290 ad
1279 3224 1583 3292 familias
1609 3228 1934 3294 Morellii.
2032 3227 2192 3295 Non

621 3325 735 3389 .in
774 3322 917 3386 alio
963 3322 1182 3406 magis
1217 3342 1426 3408 opere
1461 3337 1568 3389 tot
1631 3327 1873 3390 videas
1947 3342 2190 3416 conge-

666 3418 842 3498 stas,
892 3432 1478 3507 coacervataeque
1514 3424 1980 3507 conjecturas,
2044 3423 2191 3489 in'a·

667 3534 790 3581 nes
813 3513 1248 3603 plerumque,
1300 3539 1384 3583 ac
1423 3517 1676 3599 debili,
1726 3519 2004 3584 nullove
2041 3519 2192 3584 fun-

670 3614 997 3677 damento
1044 3612 1267 3680 nixas.
1365 3615 1446 3679 In
1491 3615 1625 3680 hoc
1669 3613 1967 3681 instituto
2007 3617 2197 3702 quod

669 3707 880 3783 fuerit
910 3711 1051 3792 ejus
1122 3709 1510 3791 confilium,
1579 3713 1968 3799 perversum
2035 3713 2196 3778 sane

677 3825 762 3871 ac
795 3802 1142 3868 inficetum
1166 3854 1189 3889 ,
1242 3810 1491 3892 partim
1516 3807 1718 3895 supra
1751 3811 1979 3896 capite
2007 3811 2195 3875 VIII.

677 3900 982 3987 exposui.
1081 3904 1398 3983 Accedit,
1451 3907 1662 3995 quod,
1714 3905 1973 3970 ubiubi
2006 3918 2197 3990 pote-

675 4009 829 4077 rat,
879 3996 1197 4084 Pighium
1233 4001 1599 4086 compilat,
1652 4021 1813 4066 raro
1874 4002 2198 4091 correctis

678 4097 823 4180 ejus
853 4096 1159 4181 peccatis
1193 4095 1264 4160 in
1321 4117 1684 4162 numerum
1734 4098 2199 4186 explicatione

680 4189 1034 4268 admissis,
1084 4202 1229 4256 tum
1281 4195 1469 4279 quod
1544 4193 1946 4259 Goltzianos
2010 4193 2200 4257 nullo

682 4288 1064 4354 discrimine
1147 4291 1429 4375 perinde
1478 4310 1563 4356 ac
1646 4289 2093 4376 probissimos
2132 4290 2202 4353 in

681 4383 1088 4450 consortium
1125 4386 1454 4457 admittit.
1594 4389 1902 4452 Addunt.
1940 4383 2199 4451 infelici

683 4482 878 4570 operi
922 4481 1316 4547 coronidem
1371 4485 1687 4550 iconismi
1724 4482 2030 4551 infideles
2056 4529 2076 4561 ,
2102 4534 2105 4539 .
2131 4495 2199 4546 et

679 4578 880 4666 longe
952 4572 1150 4666 saepe
1210 4579 1300 4643 ab
1367 4580 1897 4665 archetyporum
1956 4578 2200 4644 habitu

685 4674 1107 4739 aberrantes.
1204 4675 1362 4740 Non
1402 4678 1726 4742 auderem
1775 4675 1859 4739 fic
1917 4676 2000 4742 de
2045 4677 2198 4743 viro

1517 649 1522 656 -
1643 585 2712 736 &ROLEGOMENA

2261 829 2367 882 tot
2397 814 2488 879 ab
2520 826 2666 880 arte
2685 813 2910 882 nostra
2942 817 3192 905 palmis
3208 814 3423 882 nobili
3448 814 3781 903 jndicare,

2261 911 2376 977 nisi
2408 912 2717 980 viderem
2747 960 2767 990 ‚
2823 917 3099 979 easdem
3153 914 3616 998 querimonias
3660 913 3779 979 fin-

2259 1008 2434 1097 gulis
2472 1008 2618 1074 fere
2676 1011 2941 1096 paginis
2995 1010 3086 1078 ab
3152 1011 3639 1094 Havercampo
3681 1011 3779 1074 in-

2260 1106 2538 1169 culcari.
2640 1103 2824 1189 Quid
2860 1109 3046 1191 quod
3079 1119 3148 1170 et
3190 1103 3467 1168 testatur
3510 1105 3782 1169 Bandu-

2257 1203 2439 1281 riuS,
2491 1201 2856 1288 plerosque
2890 1224 3177 1289 negare,
3232 1202 3675 1266 Vaillantium
3698 1203 3783 1265 iis

2259 1298 2568 1382 artibus,
2621 1319 2801 1383 quae
2862 1301 2931 1364 in
2984 1299 3375 1385 antiquario
3438 1299 3784 1381 requirun-

2259 1407 2406 1473 tur,
2460 1396 2553 1458 ad
2594 1397 2981 1461 enarranda
3016 1391 3451 1461 numismata⁸
3477 1394 3783 1458 accessis-

2259 1490 2348 1564 se.
2400 1490 2608 1568 (Bibl.
2652 1492 2876 1574 num.)

2355 1588 2783 1652 ANDREAS
2826 1586 3380 1653 MORELLIVS.
3440 1581 3790 1673 Thesaurus

2259 1677 2673 1751 Mantuanus
2691 1731 2711 1761 ‚
2745 1686 2874 1773 five
2912 1684 3321 1770 familiarum
3353 1682 3789 1749 Romanarum

2259 1783 2639 1845 numismata
2675 1785 2903 1847 omnia.
3005 1781 3463 1845 Commentario
3482 1790 3785 1864 perpetuo

2257 1876 2587 1952 illustravit
2660 1875 3216 1942 SIGEBERTVS
3245 1874 3788 1941 HAVERCAM-

2259 1972 2452 2046 va,
2501 1966 2993 2062 Anfielaedami
3029 1975 3098 2037 in
3123 1973 3248 2062 fol.

2362 2069 2468 2133 Ex
2499 2073 2908 2157 praegrandi
2957 2069 3094 2133 hoc
3136 2088 3342 2155 opere
3380 2067 3563 2132 solae
3611 2069 3781 2133 ima·

2265 2167 2453 2257 gines
2487 2169 2649 2231 aeri
2661 2168 2907 2232 incisae
2946 2178 3295 2232 auctorem
3340 2163 3600 2230 habent
3632 2165 3787 2229 Mo-

2193 2331 2199 2338 ,
2265 2264 2575 2342 rellium,
2629 2264 2746 2327 sed
2779 2269 2924 2348 jam
2961 2264 3049 2328 ab
3086 2263 3193 2326 his
3235 2262 3544 2326 maxima
3597 2262 3793 2347 operi

2267 2362 2442 2426 laus.
2542 2360 2724 2425 Nam
2770 2360 2815 2423 si
2866 2359 3071 2424 fidem
3139 2361 3446 2446 spectes,
3526 2358 3789 2423 nullum

2230 2459 2338 2522 »in
2376 2455 2635 2521 dilectu
2660 2459 2967 2541 recepit,
3010 2453 3127 2519 nisi
3171 2475 3371 2541 quem
3408 2455 3585 2519 vidit
3626 2454 3788 2541 ipse,

2271 2567 2393 2619 aut
2425 2552 2659 2618 saltem
2715 2553 3044 2642 probavit
3086 2551 3401 2629 Vrsinus,
3482 2548 3785 2615 Goltzia·

2269 2651 2376 2715 nis
2414 2651 2729 2714 omnibus
2777 2648 3080 2729 seorsim,
3133 2660 3201 2712 et
3263 2650 3441 2712 inter
3496 2667 3788 2734 apocry-

2272 2748 2451 2836 phos
2482 2749 2707 2812 editis.
2802 2747 2922 2813 Sin
2980 2747 3500 2812 adcurationem
3529 2794 3552 2829 ,
3621 2742 3794 2807 niliil

2272 2845 2666 2923 iconismis,
2718 2842 2764 2907 fi
2808 2863 3071 2931 paucos
3132 2844 3412 2921 demas,
3459 2842 3739 2907 fidelius.
3767 2888 3792 2920 ,

2274 2939 2363 3003 fic
2389 2951 2468 3002 ut
2500 2940 2781 3024 perinde
2810 2939 2923 3019 sit,
2971 2941 3187 3004 hosne
3211 2983 3237 3017 ,
3282 2960 3375 3003 an
3418 2940 3600 3024 ipsos
3669 2956 3787 3000 nu-

2276 3054 2426 3101 mos
2466 3055 2633 3120 prae
2682 3036 2899 3101 oculis
2943 3037 3205 3101 habeas
3232 3083 3250 3114 ,
3304 3036 3584 3119 dempto
3617 3031 3790 3110 solo,
3846 3088 3855 3099 .

2279 3133 2466 3217 quod
2504 3132 2781 3195 illorum
2815 3132 3135 3196 volumen
3167 3132 3549 3218 ampliavit.
3601 3129 3795 3213 Quos

2279 3229 2531 3294 addere
2565 3227 2704 3313 ipse
2736 3216 3268 3294 commentarios
3293 3229 3586 3314 primum
3618 3245 3797 3291 mor·

2277 3326 2426 3403 bis,
2476 3323 2721 3388 deinde
2757 3338 2978 3389 morte
3024 3338 3435 3412 praeventus
3475 3343 3617 3388 non
3669 3340 3796 3408 po-

2279 3422 2451 3498 tuit,
2501 3419 2796 3508 perfecit
2827 3424 3368 3508 Havercampus.
3469 3421 3630 3504 Ejus
3665 3418 3796 3483 viri

2276 3517 2643 3584 institutum
2678 3518 3012 3603 ejusmodi
3042 3518 3173 3582 est:
3228 3519 3520 3603 primum
3544 3563 3566 3598 ,
3616 3534 3799 3601 quae

2279 3617 2602 3693 Erizzus,
2654 3614 2973 3695 VrfinuS,
3023 3613 3491 3693 Vaillantius‚
3542 3610 3801 3677 Motel-

2278 3713 2453 3791 lius,
2505 3711 2926 3790 Perizonius,
2975 3711 3281 3797 aliique
3260 3731 3329 3776 ιιι
3358 3708 3647 3797 singulos
3679 3726 3799 3771 nu·

2280 3826 2434 3873 mos
2486 3809 2931 3871 commentati
2964 3808 3131 3887 sunt,
3180 3809 3460 3872 retentis
3499 3804 3654 3893 ipsis
3673 3824 3793 3869 au-

2286 3916 2550 3969 ctorum
2570 3903 2798 3967 verbis
2830 3902 3147 3979 restituit3
3197 3904 3348 3968 suas
3373 3904 3617 3967 deinde
3639 3919 3798 3965 con·

2279 4002 2579 4085 jecturas
2619 3999 2889 4065 liberali
2941 4021 3147 4065 manu
3191 4002 3597 4078 admetitur,
3636 4016 3799 4061 eas·

2287 4116 2419 4180 que
2455 4094 2675 4183 longis
2705 4109 3011 4162 veterum
3069 4094 3601 4162 testimoniorum
3653 4113 3800 4158 am-

2285 4191 2575 4278 bagibus
2609 4207 2898 4278 utraque
2932 4195 3167 4282 lingua
3210 4194 3514 4259 recitatis
3549 4192 3801 4257 firmat.

2289 4287 2523 4353 Habes
2580 4290 2895 4371 causam,
2949 4311 3069 4355 cur
3121 4311 3293 4378 opus
3347 4289 3519 4354 istud
3558 4292 3629 4352 in
3730 4308 3802 4352 e·

2283 4405 2398 4450 am
2479 4386 2729 4450 molem
2796 4388 3197 4455 excreverit.
3353 4386 3806 4453 Vaillantium
3854 4432 3859 4437 .

2283 4482 2472 4567 quod
2523 4496 2853 4569 perpetuo
2902 4484 3220 4570 sugillat,
3296 4486 3558 4565 ut.jure
3629 4478 3805 4546 istud.

2280 4576 2507 4643 feciss'e
2539 4581 2761 4669 videri
2791 4579 3033 4666 potest,¹
3058 4579 3143 4644 fic
3181 4580 3560 4665 culpandus
3596 4590 3805 4651 certe,

2285 4677 2471 4760 quod
2505 4676 2747 4742 iisdem
2784 4678 2848 4742 se
2886 4676 3228 4765 peccatis,
3281 4697 3459 4764 quae
3497 4674 3802 4743 in.Vail-
