4175 5450
652 544 779 619 nt

657 726 1074 794 incrementa
1108 718 1489 790 conferant.
1593 722 1726 799 Sed
1771 726 1855 789 de
1887 724 2023 790 hoe
2065 747 2173 789 ar-

659 837 976 912 gumento
1028 825 1296 910 copiose
1340 829 1478 915 jam
1528 824 1825 886 disseruit
1890 845 2171 910 magnus

656 922 1110 1008 spanhemius
1139 942 1261 1006 per
1294 934 1515 989 totum
1554 921 1735 984 suum
1818 921 1900 983 de
1974 942 2171 1006 prae-

656 1015 899 1082 stantia
932 1038 1289 1081 numorum
1340 1038 1551 1104 opus,
1630 1030 1696 1080 et
1746 1017 2055 1119 singulari
2097 1017 2169 1078 li·

653 1113 839 1179 bello
878 1115 1260 1179 Fro‘lichius
1286 1164 1305 1195 ,
1357 1116 1469 1179 sed
1507 1117 1622 1200 qui
1661 1116 1837 1178 intra
1862 1114 2170 1177 actiores

651 1210 904 1276 limites
958 1209 1295 1276 constitit..

753 1312 844 1372 At
876 1307 1020 1370 sunt
1048 1310 1127 1370 in
1168 1308 1406 1370 eadem
1434 1307 1566 1371 hac
1608 1307 1815 1371 classe
1844 1326 1980 1369 non
1998 1326 2170 1393 ›pau-

657 1423 791 1482 ca,
844 1422 1039 1488 quae:
1065 1404 1164 1466 rei
1214 1406 1641 1487 antiquariae
1696 1403 2020 1469 studiosos
2073 1402 2173 1465 illi

580 1518 587 1523 ’
653 1499 1009 1584 subirasci,
1062 1499 1389 1586 aliasque.
1426 1500 1850 1589 praehabere
1933 1519 2177 1563 numo-

653 1616 923 1661 morum
963 1596 1196 1659 classes
1229 1611 1497 1682 cogunt.
1599 1599 1838 1681 Neque
1869 1593 2039 1659 istud
2073 1597 2171 1659 in·

647 1695 851 1777 juria.

651 1787 846 1870 hujus
896 1792 1158 1874 generis
1238 1810 1597 1855 numor-um
1669 1791 1912 1876 copia,
1992 1804 2170 1876 quae

645 1884 813 1973 post·
834 1899 1251 1971 protractum
1291 1908 1525 1951 eorum
1577 1886 2042 1951 incredibilem
2084 1907 2171 1949 ex

646 1982 870 2047 ferrae
913 1983 1277 2051 visceribus
1314 1984 1995 2048 numerum-necdum
2052 1984 2168 2046 de-

646 2077 851 2158 fecit,
900 2081 1182 2142 nimium
1222 2082 1467 2167 exigua
1519 2083 1588 2146 in
1657 2082 1924 2167 potiore
1971 2072 2169 2165 parte

645 2175 994 2251 varieta8‚
1048 2180 1175 2238 a'ut·
1203 2178 1271 2239 in
1302 2176 1654 2242 levissimis
1692 2189 1996 2256 tantum,
2055 2196 2165 2239 ca-.

644 2275 796 2358 pita
836 2273 1051 2358 partis
1094 2273 1413 2336 adversae
1462 2274 1661 2361 saepe
1702 2294 1886 2358 vaga
1941 2286 2009 2336 et
2067 2275 2163 2335 in·
2179 2318 2190 2326 ·

644 2371 814 2432 certi
851 2369 1274 2452 explicatuS,
1324 2383 1393 2433 et
1447 2373 1688 2434 eodem
1772 2368 2168 2453 frequenter

642 2467 816 2529 vitio
878 2464 1275 2529 laborantes
1330 2469 1480 2552 typi
1533 2471 1831 2552 partium
1889 2467 2162 2530 aversa-

641 2581 791 2625 rum
819 2610 838 2641 ,
889 2575 1035 2625 tum
1067 2584 1234 2627 vero
1262 2612 1280 2640 ‚
1338 2565 1521 2647 quod
1560 2576 1768 2649 caput
1811 2566 1977 2628 mali
2033 2562 2158 2640 est,

639 2660 829 2726 nulla
868 2661 935 2722 in
967 2658 1090 2738 iis,
1143 2674 1261 2723 aut
1294 2661 1637 2725 rarissima
1698 2665 1943 2725 aetatis
1991 2661 2162 2725 indi·

645 2759 792 2841 cia,
845 2777 1021 2841 quae
1065 2760 1363 2820 maxime
1390 2759 1459 2820 in
1496 2760 1715 2824 numis
1750 2758 2161 2843 concupisci-

637 2874 791 2920 mus
827 2901 847 2930 ,
901 2865 968 2915 et
1007 2870 1181 2933 quae
1244 2851 1285 2914 fi
1353 2853 1645 2936 desunt,
1691 2855 1906 2919 vitam
1986 2871 2162 2936 quo-

639 2950 1016 3013 dammodo
1042 2947 1396 3011 ‘veteribus
1445 2951 1900 3011 monumentis
1944 2947 2164 3012 deess'e'

637 3059 982 3132 putamus.
1088 3043 1282 3125 Quae
1325 3046 1526 3108 causa
1564 3041 1687 3121 est,
1746 3064 1864 3108 cur
1892 3048 1958 3109 in
1991 3065 2163 3131 pau·

639 3142 919 3210 cissimis
954 3189 974 3219 ,
1030 3141 1144 3223 qui
1168 3141 1521 3204 ‚saeculum
1559 3144 1639 3206 V.
1698 3140 1774 3204 C.
1833 3156 2188 3207 octavum-

636 3238 1058 3326 praecedunt
1083 3283 1139 3314 ,‚‚
1173 3239 1566 3300 noverimus
1591 3286 1611 3315 ,
1672 3244 1972 3323 ‘quorum
2042 3239 2162 3302 rmt

636 3330 920 3401 nomina
954 3334 1172 3397 numis
1207 3333 1313 3396 his
1355 3333 1710 3421 inscripta,
1785 3335 1967 3398 cum'
2002 3356 2153 3447 gen

636 3433 724 3494 tis
759 3450 1010 3494 nomen
1048 3449 1205 3493 cum
1234 3429 1575 3507 omnibuS,
1630 3432 1746 3514 qui
1784 3453 1869 3495 ex
1903 3453 1985 3495 ea
2025 3434 2156 3496 ori·

640 3529 863 3614 ginem
904 3540 1221 3604 traxere,
1276 3540 1341 3590 et
1396 3527 1511 3610 qui
1562 3548 1685 3613 per
1750 3549 1984 3592 omnes
2036 3551 2156 3593 an-

633 3643 760 3689 nos
798 3627 865 3688 in
898 3622 1393 3709 magistratibus
1436 3636 1802 3709 potuerunt
1837 3627 1962 3689 effe
1998 3648 2154 3690 con·

637 3719 880 3801 ffituti,
931 3720 1140 3784 fuerit
1178 3741 1556 3785 commune.
1660 3724 1764 3787 Ex
1808 3723 1940 3787 hac
1991 3724 2152 3789 labe

633 3817 949 3917 profecta
993 3829 1098 3880 tot
1157 3822 1692 3899 conjecturarum
1785 3821 2151 3901 examina,

636 3933 806 4014 quas
851 3936 1000 4014 per
1004 3916 1157 3984 vim
1172 3915 1555 3992 obtrusere
1575 3930 2188 4016 commentatores

952 1697 1053 1756 Ac
1107 1695 1400 1779 primum
1462 1695 1740 1781 quidem
1819 1696 1888 1756 in
1976 1705 2194 1757 tantaz.

1668 458 2731 599 PROLEGOMENA

2253 726 2401 806 illi,
2455 726 2700 812 quibus
2730 720 3124 789 indecorum
3158 722 3367 789 visum
3398 773 3419 804 ,
3470 724 3777 814 plenum·

2257 845 2388 908 que
2425 825 2730 909 pudori5‚
2781 825 3014 908 aliqua
3051 822 3178 885 sese
3213 824 3527 908 ignorare
3575 828 3778 910 profi·

2255 922 2406 985 teri.
2507 921 2612 982 Ex
2681 921 2924 984 eadem
2974 920 3177 983 causa
3217 923 3496 1004 reperiri
3548 922 3778 987 hacte-

2255 1037 2378 1080 nus
2432 1019 2610 1097 ratio
2646 1037 2778 1080 non
2822 1020 3042 1103 potuit
3077 1064 3097 1094 ,
3152 1037 3288 1101 qua
3320 1018 3548 1081 classis
3581 1019 3806 1100 hujus·-

2258 1115 2445 1177 numi
2516 1114 2875 1176 secundum
2971 1114 3218 1177 aetatis
3294 1114 3799 1180 successionem*

2255 1211 2784 1295 disponerentur,
2838 1209 3240 1273 relictosolo
3279 1212 3514 1273 ordine
3538 1211 3778 1295 alpha-

2255 1305 2508 1389 beticO,
2561 1308 2924 1369 necessario
2960 1307 3083 1368 illo
3124 1306 3445 1390 quidem,
3497 1308 3608 1370 sed
3642 1329 3803 1392 quo·

2252 1404 2576 1487 voluptas
2612 1404 2830 1469 omnis
2861 1446 2880 1477 ,
2937 1423 3142 1487 quam
3187 1404 3522 1467 naturalis
3559 1408 3779 1487 parti·

2255 1521 2368 1562 um
2411 1499 2869 1563 serieS.oculis
2909 1499 3203 1580 subjecta
3244 1498 3494 1581 efficit,
3550 1521 3585 1561 e
3641 1523 3802 1565 me·

2253 1597 2370 1658 dio
2414 1586 2696 1658 tollitur.
2796 1597 3110 1679 Denique
3173 1596 3347 1658 haec
3413 1614 3796 1664 numorum..

2254 1690 2842 1756 classis-exhausta
2872 1696 3014 1775 jam
3079 1689 3291 1775 potest
3348 1694 3622 1773 videri,
3704 1708 3778 1760 et

2247 1792 2388 1874 jam
2427 1787 2649 1873 potuit
2696 1790 2915 1852 videri
2956 1790 3098 1855 diu.
3204 1786 3570 1852 Enimvero
3617 1792 3780 1856 inde

2254 1906 2296 1948 a
2330 1886 2578 1949 Fulvio
2626 1884 2901 1961 Vrfino‚
2957 1887 3069 1969 qui
3125 1885 3378 1950 abhinc
3423 1887 3560 1949 duo
3629 1886 3776 1952 fere

2252 1981 2519 2046 saecula
2573 1983 3007 2068 praeclarum
3066 1982 3254 2047 suum
3325 1984 3409 2045 de
3465 1983 3776 2050 Familiis
3885 2019 3900 2024 ·

2252 2098 2425 2164 opus
2461 2079 2723 2158 edidit,
2777 2100 2983 2163 quam
3013 2076 3217 2164 pauci
3249 2079 3347 2154 ,ad
3404 2077 3625 2143 nostra
3663 2100 3790 2145 us·-

2252 2196 2384 2260 que
2420 2188 2742 2262 tempora
2806 2178 2991 2239 numi
3031 2176 3236 2255 novi,
3289 2186 3359 2237 et
3393 2176 3591 2257 “quos
3653 2177 3774 2242 ille

2248 2291 2415 2335 non
2439 2272 2764 2351 vidisset²
2796 2274 3223 2351 emerserint,
3263 2274 3345 2336 ,in
3373 2285 3627 2357 aperto
3654 2272 3769 2355 est,

2251 2388 2387 2454 quo
2430 2370 2705 2439 nomine
2760 2370 3076 2456 intelligo·
3130 2388 3387 2433 novam
3463 2368 3771 2456 aliquam

2247 2478 2518 2551 gentem
2567 2479 2685 2529 aut
2732 2465 3096 2543 familiam,
3148 2478 3270 2529 aut
3302 2464 3545 2549 typum
3587 2469 3768 2551 prin

2247 2564 2474 2653 cipem
2518 2565 2818 2626 nondum
2878 2566 3262 2649 cognitum,
3331 2578 3768 2647 nequaquam

2246 2679 2415 2725 vero
2463 2660 2723 2721 minu-ta
2761 2680 2880 2746 per
2926 2679 3161 2723 aream
3201 2658 3452 2745 figina,
3507 2672 3625 2722 aut
3655 2673 3765 2744 t]-

2247 2754 2561 2839 pos-five
2594 2776 2716 2841 per
2752 2755 3105 2834 fraudem,
3158 2755 3289 2820 [ive
3323 2756 3582 2841 lapsum
3618 2776 3770 2821 mo-

2246 2854 2665 2916 netariorum
2709 2867 3134 2939 permutatos
3158 2903 3177 2933 ,
3231 2872 3405 2938 quae
3442 2854 3586 2918 sola
3624 2853 3763 2916 sae·

2246 2968 2335 3033 pe
2375 2943 2628 3010 novum
2685 2952 3039 3036 quidpiam
3091 2951 3562 3035 suppeditant,
3649 2951 3769 3016 sed.

2246 3064 2424 3127 quae
2455 3044 2566 3107 vel
2602 3047 3042 3159 negligimus,
3094 3048 3209 3110 vel
3249 3047 3706 3130 aspernamur.

2347 3140 2969 3207 Commemoratis
2948 3147 3060 3223 ais,
3112 3144 3179 3206 in
3215 3143 3455 3227 quibus
3494 3145 3770 3210 univer-

2242 3237 2379 3301 sum
2413 3239 2608 3321 hujus
2644 3240 2871 3306 classis
2921 3260 3164 3326 agmen
3199 3252 3266 3303 et
3297 3240 3636 3319 excellit,
3643 3253 3762 3306 et

2242 3334 2511 3413 deficit,
2567 3335 2655 3398 ad
2687 3338 2864 3421 ipsos
2905 3336 3319 3400 familiarum
3367 3355 3606 3400 numos
3643 3358 3757 3400 ex

2238 3434 2598 3518 plicandos
2654 3437 3151 3520 aggrediamur.
3271 3431 3463 3494 Nihil
3525 3445 3757 3498 tamen

2243 3531 2535 3614 amplius
2583 3530 2665 3591 de
2705 3532 2969 3615 triplice
3007 3552 3241 3595 eorum
3267 3527 3567 3608 metallo,
3593 3551 3760 3615 pona

2173 3628 2438 3711 -‚dere
2490 3626 2729 3704 valore
2759 3630 3190 3713 attingimus,
3270 3645 3448 3736 quae
3522 3629 3759 3692 omnia

2238 3725 2627 3789 communia
2671 3722 2925 3790 habent
2962 3745 3114 3788 cum
3167 3724 3387 3787 numis
3449 3723 3761 3791 consula·

2234 3821 2477 3903 ribus,
2527 3820 2611 3886 de
2659 3820 2904 3910 quibus
2959 3824 3217 3912 egimus
3265 3821 3561 3890 sectione
3610 3815 3705 3890 Ι.
