4175 5450
472 722 3488 795 Μ

754 1279 3320 1529 PRoLEGoMENA·

888 1743 1102 1847 AD
1246 1739 1797 1842 NVMOS
1944 1721 3026 1839 FAMILIARVM.

1301 2296 2332 2508 CAPvT

1188 2937 1502 3010 Iudicium
1548 2937 1625 3005 de
1669 2939 1946 3008 utilitate
1989 2956 2323 3007 numerum
2353 2932 2784 3022 familiarum·

418 3231 621 3405 En
648 3339 868 3420 ‚arcto
914 3329 1325 3417 compendio
1350 3329 1548 3416 hujus
1580 3351 1951 3397 numm-um

423 3428 654 3498 classis
688 3424 1194 3513 praestantiam,
1231 3439 1299 3490 et
1333 3429 1722 3503 utilitatem,
1778 3427 1953 3493 Cu‘m

424 3527 538 3607 ajo
569 3570 590 3603 ,
640 3522 909 3608 passim,
958 3522 1026 3586 in
1104 3524 1189 3586 iis
1244 3542 1601 3587 occurrere
1668 3526 1955 3590 deorum

428 3622 849 3705 dearumque
882 3637 1023 3682 non
1066 3620 1531 3683 communium
1548 3621 1789 3699 modo,
1841 3621 1956 3686 sed

425 3730 495 3782 et
538 3713 1060 3781 domesticorum
1114 3718 1397 3782 nomina
1438 3728 1506 3780 et
1570 3717 1904 3804 imagines
1931 3765 1953 3797 ,

393 3814 651 3881 sacros
684 3813 853 3876 ritus
897 3832 1269 3900 eorumque
1304 3825 1715 3901 apparatum
1738 3862 1759 3896 ,
1794 3843 1813 3856 ‘
1838 3836 1955 3881 ve·

423 3924 575 3975 tera
609 3909 795 3974 urbis
836 3909 1091 3990 decora
1116 3957 1136 3990 ,
1187 3909 1420 3990 facta,
1488 3923 1555 3976 et
1611 3909 1951 3992 instituta,

426 4028 536 4072 res
569 4008 761 4071 domi
806 4004 1116 4092 forisque
1148 4008 1500 4094 praeclare
1548 4006 1806 4095 gestas,
1856 4011 1955 4074 in·

422 4102 634 4190 fignia
668 4116 1059 4168 exterorum
1117 4106 1203 4168 de
1260 4102 1605 4187 majestate
1679 4106 1953 4194 imperii

420 4201 719 4284 judicia,
769 4200 954 4285 leges
992 4221 1038 4264 a
1082 4202 1458 4283 majoribus
1496 4201 1677 4266 latas
1702 4250 1721 4280 ,
1802 4224 1949 4267 ma-

428 4295 820 4381 gistratuum
861 4299 1093 4362 varios
1146 4299 1394 4362 modos
1418 4346 1437 4377 ‚
1513 4310 1581 4362 et
1656 4301 1951 4379 tributos

427 4391 696 4476 lingulis
738 4392 1077 4472 honores,
1149 4396 1469 4460 ludorum
1526 4406 1843 4461 auctores
1886 4408 1958 4460 et

428 4485 767 4567 solennia,
821 4488 1080 4576 effigies
1126 4490 1475 4556 illustrium
1530 4492 1601 4555 in
1664 4513 1808 4580 rep.
1855 4494 1955 4558 vi·

427 4603 662 4648 rorum
694 4632 715 4663 ,
768 4594 912 4648 tum
950 4589 1160 4650 etiam
1211 4589 1692 4654 nonnullorum
1722 4593 1959 4679 regum

2034 3342 2465 3411 exterorum,
2517 3327 2840 3396 aedificia
2885 3323 3170 3416 publica
3230 3329 3421 3397 sacra
3492 3345 3563 3400 et

2031 3419 2371 3515 profana,
2422 3429 2717 3515 gentium
2754 3428 2837 3491 R.
2873 3443 3043 3490 vera
3076 3429 3561 3516 etincorrupta

2032 3528 2318 3590 nomina
2343 3572 2364 3605 ,
2417 3524 2820 3610 dignitates,
2862 3522 3325 3607 ‘adoptionem
3375 3528 3559 3591 vari*

2033 3641 2151 3684 um
2189 3621 2467 3707 linguae
2543 3620 2796 3685 veteris
2847 3617 3036 3682 usum
3087 3630 3156 3681 et
3227 3620 3562 3688 scribendi

2032 3717 2360 3796 modum,
2414 3718 2705 3803 denique
2761 3719 2834 3781 in
2875 3733 3014 3780 non
3071 3719 3313 3802 paucis
3389 3737 3564 3804 opus

2032 3814 2433 3901 perelegans
2499 3813 2766 3879 Graeco
2833 3812 3145 3900 ingenio,
3217 3833 3564 3900 manuque

2035 3911 2356 3997 dignum,
2405 3912 2626 3997 haec,
2676 3913 3011 3999 inquam,
3085 3910 3171 3974 de
3246 3911 3379 3976 hac
3441 3930 3563 3988 nur

2036 4028 2304 4072 morum
2347 4008 2544 4074 claffe
2583 4030 2737 4074 cum
2770 4007 3124 4102 praedico,
3172 4005 3381 4072 facile
3417 4007 3562 4093 qui-

2034 4106 2143 4170 vis
2181 4106 2554 4192 intelliget,
2607 4119 2866 4190 quanta
2952 4103 3055 4168 illi
3098 4104 3384 4171 rubfidia
3470 4106 3565 4170 ad

2032 4200 2395 4281 historiae,
2445 4204 2606 4282 iuris
2660 4203 2954 4297 veteris,
3026 4201 3278 4265 rituum
3337 4202 3581 4267 sacro-³

2034 4311 2208 4362 rum·
2277 4298 2865 4386 profanorumque
2903 4309 2942 4375 ,⁶
3021 4298 3496 4385 mythologiae
3535 4347 3561 4377 ,

2038 4397 2571 4482 grammaticae,
2624 4397 3063 4480 iconologiae
3094 4442 3120 4472 ‚‚
3191 4396 3604 4481 variaeque‘

2039 4494 2439 4564 eruditionis
2476 4492 2965 4579 perfectiorem
3005 4489 3568 4576 intelligentiam,

2041 4591 2204 4677 quin
2235 4591 2326 4656 ad
2357 4592 2606 4655 artium
2648 4592 2856 4656 etiam
2880 4586 3269 4652 liberalium
3304 4589 3569 4672 majora
