4175 5450
1074 632 1258 709 AD
1357 630 1827 716 Nvmos
1910 618 2880 723 ·F·A‘M1L·1ARVM.‘

398 824 611 914 Quod
645 825 716 896 in
758 825 1067 896 Caesaris
1114 836 1338 899 numia
1380 837 1602 919 fallit,
1671 841 1914 909 fallere

398 930 610 992 etiam
664 930 755 992 in'
794 929 945 993 aliis
1004 929 1253 1015 potest..
1344 936 1707 1000 Omnium*
1744 961 1912 1006 vero

396 1025 679 1088 minime
733 1024 1051 1089 videntur
1107 1027 1233 1090 ess'e
1293 1034 1573 1098 nomina
1631 1036 1916 1103 Illviro-

395 1140 587 1201 rum,
642 1140 795 1183 cum
838 1123 1147 1198 additur,
1217 1126 1284 1191 S.
1329 1128 1455 1207 C„
1516 1131 1629 1194 vel
1670 1134 1811 1197 EX.
1850 1134 1925 1201 S.

400 1214 475 1279 C.
578 1213 758 1279 Istud
808 1238 893 1281 eo
940 1219 1221 1303 patescit
1273 1226 1534 1312 magia,
1610 1233 1795 1311 quod
1846 1233 1916 1296 in

393 1312 619 1376 numia
654 1314 763 1391 iis,
816 1334 988 1397 quos
1022 1315 1111 1378 ab
1146 1321 1456 1385 adductis
1490 1332 1656 1387 m'ox
1686 1348 1916 1401 exem-

391 1409 530 1493 plis
570 1408 729 1471 satis
780 1423 1039 1473 certum
1094 1411 1189 1474 est
1234 1437 1277 1479 a
1336 1418 1606 1487 Illviris
1665 1423 1911 1505 cusos,

392 1522 743 1587 nunquam
775 1507 1012 1569 videre
1051 1506 1210 1573 licet
1258 1512 1539 1577 IIIVlR.
1591 1532 1707 1582 aut
1751 1522 1912 1585 1111-

390 1600 579 1664 VIR.
635 1600 776 1664 EX.
823 1601 893 1668 S.
948 1601 1024 1666 C.
1130 1604 1358 1688 Quare
1409 1610 1540 1673 ubi·
1587 1634 1671 1678 ea
1742 1631 1913 1683 nota

394 1695 710 1774 additur,
781 1696 1207 1783 signum'est,
1272 1704 1910 1801 nomine'inscripto

387 1792 620 1856 notari
679 1792 894 1855 alium
953 1797 1453 1884 magistratum,
1527 1814 1713 1894 cujus
1768 1812 1909 1897 qui-

389 1890 549 1953 dem
590 1892 844 1952 mentio
880 1910 1038 1954 raro
1079 1898 1433 1966 omittitur.

490 1985 596 2069 Ex
662 2006 796 2069 quo
854 1986 1327 2074 consequitur,
1424 1997 1740 2066 omnibus
1809 2004 1912 2070 his

364 2081 700 2159 omissis,
777 2085 892 2165 qui
926 2085 1205 2152 alterius
1255 2092 1399 2173 sunt
1446 2098 1912 2186 magistratus-1,

360 2195 683 2257 ,quorum
740 2180 973 2264 ingens
1026 2182 1115 2245 est
1168 2191 1414 2272 copia,
1494 2217 1720 2280 pauca
1782 2221 1911 2287 pro

393 2282 592 2333 tanto
655 2275 1092 2339 denariorum
1156 2282 1447 2351 numero-
1488 2292 1733 2357 restare
1775 2290 1909 2359 'no-

358 2428 363 2435 ,
392 2370 582 2429 mina
604 2414 625 2442 ,
703 2389 878 2459 quae
912 2372 982 2431 in
1018 2374 1425 2442 Illvitorum
1466 2392 1910 2451 monetalium

390 2464 782 2548 catalogum
834 2466 968 2548 legi
1010 2472 1287 2554 possint.

360 2562 483 2627 ‚ris
544 2562 927 2643 permissum
993 2563 1271 2645 fuiffet,
1331 2575 1670 2640 conflante
1714 2580 1906 2664 lege,

382 2675 469 2719 ac
522 2676 659 2740 pro,
695 2657 897 2720 libitu
953 2666 1227 2727 nomine
1270 2667 1385 2734 suo
1430 2672 1632 2737 ferire
1679 2697 1906 2740 mone-

381 2764 569 2829 tam,
646 2758 863 2839 magis
918 2765 1114 2822 varia
1168 2763 1295 2830 sese
1342 2790 1574 2833 eorum
1624 2779 1909 2838 nomina

307 2855 318 2867 ’
382 2851 709 2914 deberent
743 2853 939 2916 nobis
970 2858 1254 2939 offerre,
1308 2887 1440 2929 non
1480 2869 1690 2933 solum
1720 2874 1907 2954 quod

376 2946 537 3008 inde
570 2945 669 3009 *ab
713 2969 891 3011 anno
936 2956 1012 3016 V.
1074 2953 1149 3018 C.
1210 2967 1394 3047 4651,
1469 2985 1605 3049 qno
1667 2989 1903 3032 eorum

379 3044 760 3128 conlegium
804 3049 1099 3112 diximus
1141 3055 1266 3122 ess'e
1319 3059 1742 3140 constitutum
1794 3086 1898 3129 us-

382 3157 514 3221 que
561 3141 653 3202 ad
696 3141 907 3226 ipsum
958 3149 1231 3231 Augusti
1282 3158 1682 3243 imperium,
1751 3160 1895 3247 post

378 3256 581 3319 quem
603 3240 789 3301 nulla
827 3243 1123 3326 amplius
1163 3268 1397 3314 eorum
1440 3253 1748 3339 leguntur
1779 3279 1893 3322 no·

345 3335 561 3403 ‚mina
586 3380 606 3412 ‚
661 3348 865 3418 atque
907 3340 1083 3400 adeo
1114 3362 1235 3425 per
1277 3350 1408 3411 tria
1447 3348 1591 3415 fere
1628 3355 1905 3418 saecula*

371 3442 692 3492 monetae
731 3433 1087 3517 tignandae
1130 3457 1322 3508 erant
1357 3447 1724 3527 praefecti,
1780 3471 1890 3513 ve·

369 3544 523 3586 rum
556 3528 762 3588 etiam
815 3527 998 3611 quod
1053 3541 1293 3602 eodem
1337 3551 1647 3625 tempore
1701 3543 1891 3607 fuer-e

369 3633 510 3683 tres
565 3623 841 3701 diversi,
894 3639 962 3687 et
999 3647 1179 3696 anno
1225 3647 1510 3715 exacto,
1581 3636 1623 3699 fi
1679 3641 1908 3702 modo.

375 3736 616 3781 verum
663 3718 796 3804 est,
839 3723 1024 3805 quod
1073 3731 1319 3794 adserit
1353 3731 1896 3819 HavercampuS,

374 3827 511 3882 Ises
567 3813 684 3878 alii
721 3819 828 3880 ad.
858 3834 1176 3890 monetae
1242 3825 1589 3913 nego'u‘um
1633 3832 1899 3896 admoti

340 3910 579 3996 suere.
698 3918 797 3982 ·At
870 3936 1037 3980 vero
1093 3926 1367 4011 integris
1414 3929 1553 4006 jam
1626 3928 1895 3993 duobus

367 4008 649 4082 saeculis
671 4056 707 4093 „
746 4033 834 4084 ex
871 4033 1008 4103 Quo
1042 4023 1339 4104 primum
1373 4042 1420 4090 a
1451 4023 1725 4094 Goltzio
1750 4074 1774 4112 ‚
1798 4089 1807 4098 ,
1828 4039 1897 4094 et

1390 2478 1566 2542 Sane
1625 2483 1666 2543 fi
1713 2485 1913 2548 luvi-

3413 658 3500 735 ⁶7

1995 848 2232 914 Vrsino
2263 847 2683 914 familiarum
2718 846 2904 910 numi
2942 844 3247 928 collecti,
3324 858 3390 909 et
3442 846 3513 911 in

1996 946 2219 1009 lucem
2262 947 2409 1010 dati
2440 944 2669 1023 fuere,
2720 940 2844 1006 vix
2880 961 3047 1006 unus
3085 942 3345 1006 alterve
3398 944 3512 1007 de·

1999 1042 2231 1106 narius
2291 1043 2601 1129 prolatus
2640 1036 2767 1121 est,
2821 1039 2960 1123 wqui
3005 1039 3342 1103 Illvirum-
3388 1059 3509 1104 no·

2000 1158 2162 1202 vum
2188 1188 2208 1218 ,
2261 1151 2328 1202 et
2365 1138 2655 1203 antehac
2688 1137 2990 1221 ignotum
3045 1132 3305 1198 sisteret.
3407 1137 3513 1200 Ex

2000 1255 2138 1317 quo
2185 1235 2382 1318 saepe
2424 1233 2738 1319 suspicari
2770 1231 3011 1308 subiit,
3057 1232 3242 1312 jure,
3295 1251 3385 1295 an
3410 1232 3512 1296 in·
3570 1309 3578 1317 ι

1988 1332 2213 1416 jutia,
2265 1332 2387 1395 alii
2416 1331 2748 1408 viderint,
2800 1347 2937 1392 non
2979 1324 3502 1405 constanter-Ro·

1994 1447 2190 1510 mae,
2261 1448 2344 1493 ac
2378 1439 2566 1492 certa
2602 1426 2902 1511 quadam
2953 1423 3139 1510 lege,
3210 1434 3277 1486 et
3318 1438 3510 1510 quot·

2002 1526 2196 1588 annis
2238 1525 2464 1588 cusam
2495 1522 2686 1586 fuisse
2717 1532 3062 1584 monetam
3083 1567 3102 1599 ,
3169 1540 3405 1584 verum
3439 1520 3513 1583 fi-

1999 1640 2087 1683 ve
2125 1641 2276 1684 cum
2309 1622 2498 1706 prior
2540 1617 2896 1699 deficeret,
2963 1614 3095 1680 five
3137 1636 3290 1680 cum
3329 1615 3513 1680 bella

1997 1717 2380 1803 ingruentia
2400 1764 2419 1795 ,
2500 1731 2620 1780 aut
2645 1712 3190 1799 extraordinarii
3233 1713 3515 1796 quidam

1998 1827 2375 1900 apparatus
2420 1813 2879 1899 praesentem,
2931 1829 3014 1873 ac
3049 1812 3306 1890 majore
3352 1812 3507 1893 qui-

1997 1911 2153 1973 dem
2218 1912 2421 1997 copia
2475 1922 2822 1974 monetam
2870 1905 3295 1991 flagitarent,
3366 1918 3510 1970 tum

1972 2021 2080 2070 ‘ex
2116 2008 2183 2071 S.
2235 2007 2310 2072 C.
2353 2009 2833 2070 demandatam
2866 2001 3296 2090 praetoribus
3321 2049 3342 2080 ,
3391 2022 3503 2083 ae-

1996 2104 2245 2167 dilibus
2285 2152 2304 2181 ,
2396 2102 2858 2188 quaestoribus
2915 2119 3141 2163 novae
3190 2111 3506 2162 monetae

1991 2196 2349 2264 feriundae
2403 2200 2854 2300 provinciam.
2972 2195 3197 2277 Quam
3253 2195 3504 2257 senten-

1992 2299 2160 2360 tiam
2197 2295 2328 2361 non
2360 2299 2638 2361 obscure
2676 2297 2943 2359 videtur
2977 2291 3381 2356 confirmare
3410 2293 3506 2354 in·

1994 2393 2339 2455 credibilis
2383 2414 2699 2456 numerus
2740 2394 2935 2455 unius
2986 2390 3247 2473 generis
3298 2390 3502 2452 dena-

1992 2489 2252 2565 riorum
2302 2488 2391 2550 ab
2437 2508 2563 2550 uno
2616 2486 2985 2570 Calpur-nio
3029 2484 3307 2559 Pisone,
3386 2496 3508 2555 aut

1992 2584 2290 2644 Antonio
2366 2582 2629 2663 Balbo,
2708 2595 2825 2644 aut
2884 2578 3128 2642 Roscio
3194 2577 3502 2657 Fabam,

1989 2678 2281 2764 aliisque
2318 2677 2720 2765 [ignatorum
2744 2726 2761 2754 ,
2814 2677 3060 2762 quibus
3093 2674 3320 2737 musea
3357 2693 3500 2738 om-

1991 2779 2106 2838 nia
2149 2775 2404 2838 refer-ta
2447 2777 2612 2848 sunt,
2713 2775 2897 2857 Quin
2931 2785 3004 2835 et
3029 2770 3327 2834 delatum
3364 2770 3500 2836 hoc

1989 2885 2186 2936 extra
2231 2875 2542 2935 ordinem
2591 2872 2935 2958 negotium
2979 2869 3294 2933 videntur
3333 2867 3507 2932 indi·

1989 2989 2145 3033 care
2195 2970 2455 3032 denarii
2479 2968 2603 3033 Cn.
2644 2968 2958 3046 Lentuli,
3024 2965 3140 3051 qui
3172 2966 3365 3028 idem
3395 2986 3498 3028 ar·

1983 3078 2375 3151 gumentum
2429 3068 2811 3144 continent,
2881 3066 2990 3128 sed
3041 3081 3328 3146 quorum
3383 3061 3503 3128 alii

1979 3161 2463 3226 inscribuntur:
2557 3161 2697 3226 CN.
2745 3164 2948 3229 LEN.
3002 3160 3304 3245 Quaestor
3352 3160 3495 3224 Ex.

1978 3259 2047 3326 S.
2090 3259 2212 3336 C.‚
2296 3261 2449 3334 alii:
2516 3259 2714 3325 LEN.
2770 3258 3106 3326 CVRator
3146 3259 3498 3322 Xan-iorum

1958 3357 2423 3422 ·FLandorum.
2458 3351 2599 3427 EX‘,
2659 3356 2726 3418 S.
2794 3354 2868 3420 C.
2968 3352 3377 3439 Exemplum
3425 3353 3497 3416 fi-

1978 3465 2225 3536 gnatae
2278 3456 2348 3516 in
2402 3452 2585 3514 usum
2634 3451 2795 3513 belli
2847 3450 3298 3514 Mithridatici
3348 3469 3492 3518 mo·

1975 3560 2174 3611 netae
2229 3548 2594 3612 Luculle‘ae
2643 3546 2826 3610 dabo
2870 3547 3095 3632 capite
3158 3546 3491 3629 sequente.

2076 3644 2637 3728 Havercampu3‚
2697 3644 2855 3728 qui,
2907 3656 2981 3705 ut
3016 3641 3352 3720 diximus,
3423 3644 3494 3705 in

1980 3756 2052 3820 re
2073 3742 2458 3803 monetaria
2496 3740 2729 3803 omnia
2762 3738 3025 3801 II-Iviris
3049 3782 3082 3814 ,.
3124 3736 3291 3799 nihil
3338 3737 3491 3799 aliis

1978 3833 2282 3914 indulsit,
2335 3856 2485 3899 eam
2529 3847 2758 3899 tamen
2798 3837 3172 3922 imperante
3211 3833 3269 3907 Ι,
3319 3832 3491 3897 Cae·

1978 3929 2120 3994 sare
2156 3944 2315 3997 octo
2355 3932 2719 4019 praefectis
2776 3933 3096 4014 subjecit,
3165 3933 3496 4014 qua·veri

1975 4027 2193 4116 specie
2217 4078 2238 4112 ,
2300 4031 2568 4107 dicetur.
2596 4030 2670 4096 in
2698 4033 2920 4098 numis
2957 4032 3169 4119 gentis
3206 4013 3492 4093 Gefliae.
