<?xml version="1.0" encoding="UTF-8"?>
<!DOCTYPE html PUBLIC "-//W3C//DTD XHTML 1.0 Transitional//EN"
    "http://www.w3.org/TR/xhtml1/DTD/xhtml1-transitional.dtd">
<html xmlns="http://www.w3.org/1999/xhtml" xml:lang="en" lang="en">
 <head>
  <title>
</title>
<meta http-equiv="Content-Type" content="text/html;charset=utf-8" />
  <meta name='ocr-system' content='tesseract 3.04.00' />
  <meta name='ocr-capabilities' content='ocr_page ocr_carea ocr_par ocr_line ocrx_word'/>
</head>
<body>
  <div class='ocr_page' id='page_1' title='image "./doctrinanumorum06unkngoog_0031.png"; bbox 0 0 4175 5450; ppageno 0'>
   <div class='ocr_carea' id='block_1_1' title="bbox 726 577 2613 669">
    <p class='ocr_par' dir='ltr' id='par_1_1' title="bbox 726 522 2613 669">
     <span class='ocr_line' id='line_1_1' title="bbox 726 577 2613 669; baseline 0.002 -6"><span class='ocrx_word' id='word_1_1' title='bbox 726 610 817 663; x_wconf 55' lang='grc' dir='ltr'>«ο</span> <span class='ocrx_word' id='word_1_2' title='bbox 1904 577 2360 662; x_wconf 78' lang='lat' dir='ltr'>cAPvT</span> <span class='ocrx_word' id='word_1_3' title='bbox 2452 581 2613 669; x_wconf 63' lang='lat' dir='ltr'>m)</span> 
     </span>
    </p>
   </div>
   <div class='ocr_carea' id='block_1_2' title="bbox 2144 1070 2401 1154">
    <p class='ocr_par' dir='ltr' id='par_1_2' title="bbox 2144 1070 2401 1154">
     <span class='ocr_line' id='line_1_2' title="bbox 2144 1070 2401 1154; baseline 0.019 -17"><span class='ocrx_word' id='word_1_4' title='bbox 2144 1070 2401 1154; x_wconf 73' lang='lat'>5111.</span> 
     </span>
    </p>
   </div>
   <div class='ocr_carea' id='block_1_3' title="bbox 1753 1264 2776 1371">
    <p class='ocr_par' dir='ltr' id='par_1_3' title="bbox 1753 1264 2776 1371">
     <span class='ocr_line' id='line_1_3' title="bbox 1753 1264 2776 1371; baseline -0.001 -38"><span class='ocrx_word' id='word_1_5' title='bbox 1753 1264 1857 1333; x_wconf 78' lang='lat' dir='ltr'>De</span> <span class='ocrx_word' id='word_1_6' title='bbox 1901 1266 2237 1371; x_wconf 52' lang='lat' dir='ltr'>quinario,</span> <span class='ocrx_word' id='word_1_7' title='bbox 2289 1267 2537 1355; x_wconf 75' lang='lat' dir='ltr'>ejusque</span> <span class='ocrx_word' id='word_1_8' title='bbox 2582 1265 2776 1346; x_wconf 71' lang='lat' dir='ltr'>notis.</span> 
     </span>
    </p>
   </div>
   <div class='ocr_carea' id='block_1_4' title="bbox 714 1544 3840 2224">
    <p class='ocr_par' dir='ltr' id='par_1_4' title="bbox 714 1544 3840 2224">
     <span class='ocr_line' id='line_1_4' title="bbox 815 1544 3834 1647; baseline 0 -23"><span class='ocrx_word' id='word_1_9' title='bbox 815 1558 1082 1624; x_wconf 78' lang='lat' dir='ltr'>Nomen</span> <span class='ocrx_word' id='word_1_10' title='bbox 1137 1554 1428 1640; x_wconf 85' lang='lat' dir='ltr'>quinarii</span> <span class='ocrx_word' id='word_1_11' title='bbox 1487 1557 1630 1639; x_wconf 86' lang='lat' dir='ltr'>jam</span> <span class='ocrx_word' id='word_1_12' title='bbox 1680 1553 1897 1642; x_wconf 82' lang='lat' dir='ltr'>ipsum</span> <span class='ocrx_word' id='word_1_13' title='bbox 1929 1556 2227 1639; x_wconf 86' lang='lat' dir='ltr'>indicat,</span> <span class='ocrx_word' id='word_1_14' title='bbox 2308 1556 2573 1645; x_wconf 75' lang='lat' dir='ltr'>poss‘um</span> <span class='ocrx_word' id='word_1_15' title='bbox 2609 1553 2739 1620; x_wconf 86' lang='lat' dir='ltr'>fine</span> <span class='ocrx_word' id='word_1_16' title='bbox 2781 1553 3127 1622; x_wconf 80' lang='lat' dir='ltr'>stomacho</span> <span class='ocrx_word' id='word_1_17' title='bbox 3171 1556 3394 1647; x_wconf 83' lang='lat' dir='ltr'>legere</span> <span class='ocrx_word' id='word_1_18' title='bbox 3437 1544 3834 1641; x_wconf 65' lang='lat' dir='ltr'>Vaillantii,</span> 
     </span>
     <span class='ocr_line' id='line_1_5' title="bbox 716 1651 3825 1742; baseline -0 -20"><span class='ocrx_word' id='word_1_19' title='bbox 716 1668 994 1722; x_wconf 88' lang='lat' dir='ltr'>nu&#39;mum</span> <span class='ocrx_word' id='word_1_20' title='bbox 1025 1653 1111 1718; x_wconf 86' lang='lat' dir='ltr'>fic</span> <span class='ocrx_word' id='word_1_21' title='bbox 1140 1652 1561 1740; x_wconf 87' lang='lat' dir='ltr'>appellatum</span> <span class='ocrx_word' id='word_1_22' title='bbox 1591 1651 1782 1716; x_wconf 81' lang='lat' dir='ltr'>fuifl&#39;e</span> <span class='ocrx_word' id='word_1_23' title='bbox 1822 1653 2084 1717; x_wconf 90' lang='lat' dir='ltr'>denarii</span> <span class='ocrx_word' id='word_1_24' title='bbox 2127 1656 2225 1718; x_wconf 89' lang='lat' dir='ltr'>di·</span> <span class='ocrx_word' id='word_1_25' title='bbox 2311 1654 2779 1739; x_wconf 83' lang='lat' dir='ltr'>Havercampi</span> <span class='ocrx_word' id='word_1_26' title='bbox 2811 1700 2835 1730; x_wconf 83' lang='lat'>‚</span> <span class='ocrx_word' id='word_1_27' title='bbox 2923 1655 3350 1742; x_wconf 87' lang='lat' dir='ltr'>aliorumque</span> <span class='ocrx_word' id='word_1_28' title='bbox 3410 1658 3825 1722; x_wconf 85' lang='lat' dir='ltr'>inconsultas</span> 
     </span>
     <span class='ocr_line' id='line_1_6' title="bbox 717 1747 3831 1839; baseline -0 -21"><span class='ocrx_word' id='word_1_29' title='bbox 717 1754 1041 1828; x_wconf 85' lang='lat' dir='ltr'>midium,</span> <span class='ocrx_word' id='word_1_30' title='bbox 1106 1752 1291 1836; x_wconf 89' lang='lat' dir='ltr'>quod</span> <span class='ocrx_word' id='word_1_31' title='bbox 1340 1762 1409 1814; x_wconf 89' lang='lat' dir='ltr'>et</span> <span class='ocrx_word' id='word_1_32' title='bbox 1446 1747 1883 1815; x_wconf 84' lang='lat' dir='ltr'>confirmatur</span> <span class='ocrx_word' id='word_1_33' title='bbox 1932 1750 2226 1814; x_wconf 87' lang='lat' dir='ltr'>auctori-</span> <span class='ocrx_word' id='word_1_34' title='bbox 2311 1752 2764 1833; x_wconf 84' lang='lat' dir='ltr'>conjecturas,</span> <span class='ocrx_word' id='word_1_35' title='bbox 2820 1752 3112 1834; x_wconf 86' lang='lat' dir='ltr'>quicum</span> <span class='ocrx_word' id='word_1_36' title='bbox 3139 1754 3518 1817; x_wconf 80' lang='lat' dir='ltr'><strong>Victoriam</strong></span> <span class='ocrx_word' id='word_1_37' title='bbox 3571 1755 3643 1816; x_wconf 91' lang='lat' dir='ltr'>in</span> <span class='ocrx_word' id='word_1_38' title='bbox 3688 1756 3831 1839; x_wconf 88' lang='lat' dir='ltr'>qui-</span> 
     </span>
     <span class='ocr_line' id='line_1_7' title="bbox 714 1846 3836 1933; baseline -0.001 -19"><span class='ocrx_word' id='word_1_39' title='bbox 714 1862 857 1914; x_wconf 86' lang='lat' dir='ltr'>tate</span> <span class='ocrx_word' id='word_1_40' title='bbox 910 1848 1109 1913; x_wconf 87' lang='lat' dir='ltr'>Plinii</span> <span class='ocrx_word' id='word_1_41' title='bbox 1153 1846 1591 1933; x_wconf 78' lang='lat' dir='ltr'><strong>paragrapho</strong></span> <span class='ocrx_word' id='word_1_42' title='bbox 1638 1846 2089 1931; x_wconf 80' lang='lat' dir='ltr'>praecedente</span> <span class='ocrx_word' id='word_1_43' title='bbox 2138 1847 2227 1911; x_wconf 84' lang='lat' dir='ltr'>ci·</span> <span class='ocrx_word' id='word_1_44' title='bbox 2311 1847 2519 1910; x_wconf 86' lang='lat' dir='ltr'>nariis</span> <span class='ocrx_word' id='word_1_45' title='bbox 2545 1846 2922 1930; x_wconf 61' lang='lat' dir='ltr'>expressam</span> <span class='ocrx_word' id='word_1_46' title='bbox 2942 1849 3200 1928; x_wconf 82' lang='lat' dir='ltr'>vident,</span> <span class='ocrx_word' id='word_1_47' title='bbox 3251 1851 3578 1914; x_wconf 86' lang='lat' dir='ltr'>continuo</span> <span class='ocrx_word' id='word_1_48' title='bbox 3616 1850 3836 1913; x_wconf 85' lang='lat' dir='ltr'>victo-</span> 
     </span>
     <span class='ocr_line' id='line_1_8' title="bbox 716 1941 3832 2031; baseline -0.001 -21"><span class='ocrx_word' id='word_1_49' title='bbox 716 1945 889 2023; x_wconf 86' lang='lat' dir='ltr'>tati,</span> <span class='ocrx_word' id='word_1_50' title='bbox 940 1956 1087 2007; x_wconf 88' lang='lat' dir='ltr'>tum</span> <span class='ocrx_word' id='word_1_51' title='bbox 1126 1957 1193 2008; x_wconf 91' lang='lat' dir='ltr'>et</span> <span class='ocrx_word' id='word_1_52' title='bbox 1238 1941 1533 2007; x_wconf 85' lang='lat' dir='ltr'>instituto</span> <span class='ocrx_word' id='word_1_53' title='bbox 1564 1945 1654 2006; x_wconf 89' lang='lat' dir='ltr'>ad</span> <span class='ocrx_word' id='word_1_54' title='bbox 1689 1942 2025 2006; x_wconf 88' lang='lat' dir='ltr'>bilancem</span> <span class='ocrx_word' id='word_1_55' title='bbox 2070 1962 2230 2007; x_wconf 85' lang='lat' dir='ltr'>exa·</span> <span class='ocrx_word' id='word_1_56' title='bbox 2310 1945 2486 2007; x_wconf 90' lang='lat' dir='ltr'>riam</span> <span class='ocrx_word' id='word_1_57' title='bbox 2538 1943 2796 2026; x_wconf 80' lang='lat' dir='ltr'><strong>ipsam,</strong></span> <span class='ocrx_word' id='word_1_58' title='bbox 2870 1947 3056 2027; x_wconf 80' lang='lat' dir='ltr'>cujus</span> <span class='ocrx_word' id='word_1_59' title='bbox 3122 1945 3324 2009; x_wconf 85' lang='lat' dir='ltr'>causa</span> <span class='ocrx_word' id='word_1_60' title='bbox 3382 1949 3531 2030; x_wconf 88' lang='lat' dir='ltr'>ejus</span> <span class='ocrx_word' id='word_1_61' title='bbox 3597 1947 3832 2031; x_wconf 83' lang='lat' dir='ltr'>imago</span> 
     </span>
     <span class='ocr_line' id='line_1_9' title="bbox 720 2038 3831 2128; baseline 0 -24"><span class='ocrx_word' id='word_1_62' title='bbox 720 2043 927 2109; x_wconf 83' lang='lat' dir='ltr'>mine.</span> <span class='ocrx_word' id='word_1_63' title='bbox 1028 2041 1135 2104; x_wconf 91' lang='lat' dir='ltr'>De</span> <span class='ocrx_word' id='word_1_64' title='bbox 1185 2043 1325 2121; x_wconf 89' lang='lat' dir='ltr'>ejus</span> <span class='ocrx_word' id='word_1_65' title='bbox 1373 2040 1612 2103; x_wconf 85' lang='lat' dir='ltr'>valore</span> <span class='ocrx_word' id='word_1_66' title='bbox 1666 2041 1891 2105; x_wconf 75' lang='lat' dir='ltr'>dicere</span> <span class='ocrx_word' id='word_1_67' title='bbox 1938 2039 2227 2124; x_wconf 84' lang='lat' dir='ltr'>superse·</span> <span class='ocrx_word' id='word_1_68' title='bbox 2310 2050 2628 2103; x_wconf 83' lang='lat' dir='ltr'>monetae</span> <span class='ocrx_word' id='word_1_69' title='bbox 2666 2038 2901 2116; x_wconf 78' lang='lat' dir='ltr'>illata,-</span> <span class='ocrx_word' id='word_1_70' title='bbox 2955 2041 3383 2120; x_wconf 85' lang='lat' dir='ltr'>ariolantur,</span> <span class='ocrx_word' id='word_1_71' title='bbox 3458 2043 3831 2128; x_wconf 78' lang='lat' dir='ltr'>praecipue</span> 
     </span>
     <span class='ocr_line' id='line_1_10' title="bbox 723 2135 3840 2224; baseline -0.001 -21"><span class='ocrx_word' id='word_1_72' title='bbox 723 2139 904 2215; x_wconf 87' lang='lat' dir='ltr'>deo,</span> <span class='ocrx_word' id='word_1_73' title='bbox 958 2139 1120 2220; x_wconf 89' lang='lat' dir='ltr'>quia</span> <span class='ocrx_word' id='word_1_74' title='bbox 1142 2141 1200 2202; x_wconf 89' lang='lat' dir='ltr'>is</span> <span class='ocrx_word' id='word_1_75' title='bbox 1267 2136 1596 2223; x_wconf 84' lang='lat' dir='ltr'>analogus</span> <span class='ocrx_word' id='word_1_76' title='bbox 1637 2136 1895 2221; x_wconf 81' lang='lat' dir='ltr'>semper</span> <span class='ocrx_word' id='word_1_77' title='bbox 1941 2135 2071 2200; x_wconf 89' lang='lat' dir='ltr'>fuit</span> <span class='ocrx_word' id='word_1_78' title='bbox 2110 2157 2230 2201; x_wconf 78' lang='lat' dir='ltr'>va·</span> <span class='ocrx_word' id='word_1_79' title='bbox 2306 2156 2465 2200; x_wconf 81' lang='lat' dir='ltr'>cum</span> <span class='ocrx_word' id='word_1_80' title='bbox 2498 2148 2567 2199; x_wconf 94' lang='lat' dir='ltr'>et</span> <span class='ocrx_word' id='word_1_81' title='bbox 2617 2148 2876 2200; x_wconf 84' lang='lat' dir='ltr'>certum</span> <span class='ocrx_word' id='word_1_82' title='bbox 2934 2158 3291 2201; x_wconf 82' lang='lat' dir='ltr'>numerum</span> <span class='ocrx_word' id='word_1_83' title='bbox 3342 2157 3555 2224; x_wconf 83' lang='lat' dir='ltr'>genus</span> <span class='ocrx_word' id='word_1_84' title='bbox 3616 2138 3840 2205; x_wconf 77' lang='lat' dir='ltr'>Victo-</span> 
     </span>
    </p>
   </div>
   <div class='ocr_carea' id='block_1_5' title="bbox 602 2232 3837 2323">
    <p class='ocr_par' dir='ltr' id='par_1_5' title="bbox 602 2232 3837 2323">
     <span class='ocr_line' id='line_1_11' title="bbox 602 2232 3837 2323; baseline -0 -25"><span class='ocrx_word' id='word_1_85' title='bbox 602 2317 609 2323; x_wconf 21' lang='lat'><em>.</em></span> <span class='ocrx_word' id='word_1_86' title='bbox 720 2233 852 2298; x_wconf 91' lang='lat' dir='ltr'>lori</span> <span class='ocrx_word' id='word_1_87' title='bbox 890 2235 1176 2298; x_wconf 89' lang='lat' dir='ltr'>denarii.</span> <span class='ocrx_word' id='word_1_88' title='bbox 2308 2234 2509 2310; x_wconf 62' lang='lat' dir='ltr'>viati,</span> <span class='ocrx_word' id='word_1_89' title='bbox 2583 2233 2673 2295; x_wconf 85' lang='lat' dir='ltr'>de</span> <span class='ocrx_word' id='word_1_90' title='bbox 2722 2232 2966 2316; x_wconf 90' lang='lat' dir='ltr'>quibus</span> <span class='ocrx_word' id='word_1_91' title='bbox 3021 2256 3186 2298; x_wconf 79' lang='lat' dir='ltr'>mox</span> <span class='ocrx_word' id='word_1_92' title='bbox 3239 2252 3565 2321; x_wconf 85' lang='lat' dir='ltr'>agemus,</span> <span class='ocrx_word' id='word_1_93' title='bbox 3655 2234 3837 2297; x_wconf 91' lang='lat' dir='ltr'>dice-</span> 
     </span>
    </p>
   </div>
   <div class='ocr_carea' id='block_1_6' title="bbox 720 2328 3898 4531">
    <p class='ocr_par' dir='ltr' id='par_1_6' title="bbox 724 2328 3898 2706">
     <span class='ocr_line' id='line_1_12' title="bbox 814 2328 3837 2415; baseline 0 -24"><span class='ocrx_word' id='word_1_94' title='bbox 814 2329 978 2412; x_wconf 87' lang='lat' dir='ltr'>Ejus</span> <span class='ocrx_word' id='word_1_95' title='bbox 1002 2342 1165 2394; x_wconf 86' lang='lat' dir='ltr'>nota</span> <span class='ocrx_word' id='word_1_96' title='bbox 1194 2328 1440 2407; x_wconf 75' lang='lat' dir='ltr'>snitV,</span> <span class='ocrx_word' id='word_1_97' title='bbox 1488 2328 1806 2392; x_wconf 86' lang='lat' dir='ltr'>nimirum</span> <span class='ocrx_word' id='word_1_98' title='bbox 1831 2329 2015 2413; x_wconf 91' lang='lat' dir='ltr'>quod</span> <span class='ocrx_word' id='word_1_99' title='bbox 2040 2329 2227 2414; x_wconf 88' lang='lat' dir='ltr'>quin·</span> <span class='ocrx_word' id='word_1_100' title='bbox 2308 2341 2583 2407; x_wconf 89' lang='lat' dir='ltr'>rentur,</span> <span class='ocrx_word' id='word_1_101' title='bbox 2646 2330 2828 2391; x_wconf 81' lang='lat' dir='ltr'>unde</span> <span class='ocrx_word' id='word_1_102' title='bbox 2868 2333 3213 2415; x_wconf 80' lang='lat' dir='ltr'>arguimus</span> <span class='ocrx_word' id='word_1_103' title='bbox 3242 2378 3262 2408; x_wconf 87' lang='lat'>‚</span> <span class='ocrx_word' id='word_1_104' title='bbox 3328 2329 3514 2392; x_wconf 88' lang='lat' dir='ltr'>usum</span> <span class='ocrx_word' id='word_1_105' title='bbox 3562 2341 3631 2392; x_wconf 91' lang='lat' dir='ltr'>et</span> <span class='ocrx_word' id='word_1_106' title='bbox 3677 2348 3837 2393; x_wconf 87' lang='lat' dir='ltr'>con-</span> 
     </span>
     <span class='ocr_line' id='line_1_13' title="bbox 728 2408 3836 2537; baseline -0.001 -48"><span class='ocrx_word' id='word_1_107' title='bbox 728 2447 858 2537; x_wconf 78' lang='lat' dir='ltr'>que</span> <span class='ocrx_word' id='word_1_108' title='bbox 900 2428 1069 2490; x_wconf 82' lang='lat' dir='ltr'>affes</span> <span class='ocrx_word' id='word_1_109' title='bbox 1101 2428 1384 2492; x_wconf 81' lang='lat' dir='ltr'>valeret.</span> <span class='ocrx_word' id='word_1_110' title='bbox 1484 2408 1979 2506; x_wconf 72' lang='lat' dir='ltr'>Inmonnullis‚</span> <span class='ocrx_word' id='word_1_111' title='bbox 2049 2438 2124 2489; x_wconf 91' lang='lat' dir='ltr'>ut</span> <span class='ocrx_word' id='word_1_112' title='bbox 2155 2427 2226 2488; x_wconf 78' lang='lat' dir='ltr'>in</span> <span class='ocrx_word' id='word_1_113' title='bbox 2308 2425 2771 2501; x_wconf 78' lang='lat' dir='ltr'>suetudinem,</span> <span class='ocrx_word' id='word_1_114' title='bbox 2842 2447 2980 2490; x_wconf 91' lang='lat' dir='ltr'>non</span> <span class='ocrx_word' id='word_1_115' title='bbox 3029 2426 3320 2490; x_wconf 87' lang='lat' dir='ltr'>relatam</span> <span class='ocrx_word' id='word_1_116' title='bbox 3378 2425 3688 2509; x_wconf 83' lang='lat' dir='ltr'>aliquam</span> <span class='ocrx_word' id='word_1_117' title='bbox 3735 2426 3836 2489; x_wconf 82' lang='lat' dir='ltr'>vi-</span> 
     </span>
     <span class='ocr_line' id='line_1_14' title="bbox 724 2520 3832 2609; baseline -0 -24"><span class='ocrx_word' id='word_1_118' title='bbox 724 2524 1049 2608; x_wconf 85' lang='lat' dir='ltr'>quinariis</span> <span class='ocrx_word' id='word_1_119' title='bbox 1115 2523 1331 2609; x_wconf 87' lang='lat' dir='ltr'>gentis</span> <span class='ocrx_word' id='word_1_120' title='bbox 1406 2521 1888 2608; x_wconf 84' lang='lat' dir='ltr'>Egnatuleiae‚</span> <span class='ocrx_word' id='word_1_121' title='bbox 1979 2520 2070 2587; x_wconf 86' lang='lat' dir='ltr'>est</span> <span class='ocrx_word' id='word_1_122' title='bbox 2120 2521 2225 2606; x_wconf 74' lang='lat' dir='ltr'>Q,</span> <span class='ocrx_word' id='word_1_123' title='bbox 2310 2522 2602 2587; x_wconf 89' lang='lat' dir='ltr'>ctoriam</span> <span class='ocrx_word' id='word_1_124' title='bbox 2623 2521 2802 2584; x_wconf 83' lang='lat' dir='ltr'>hunc</span> <span class='ocrx_word' id='word_1_125' title='bbox 2824 2534 3067 2608; x_wconf 81' lang='lat' dir='ltr'>typum</span> <span class='ocrx_word' id='word_1_126' title='bbox 3087 2521 3832 2608; x_wconf 80' lang='lat' dir='ltr'>praescripfiffe‚quem-</span> 
     </span>
     <span class='ocr_line' id='line_1_15' title="bbox 724 2611 3898 2706; baseline -0 -23"><span class='ocrx_word' id='word_1_127' title='bbox 724 2639 968 2706; x_wconf 86' lang='lat' dir='ltr'>nempe</span> <span class='ocrx_word' id='word_1_128' title='bbox 1000 2619 1202 2683; x_wconf 86' lang='lat' dir='ltr'>litera</span> <span class='ocrx_word' id='word_1_129' title='bbox 1238 2611 1546 2706; x_wconf 59' lang='grc' dir='ltr'><em>ἀρχξαωσοι</em></span> <span class='ocrx_word' id='word_1_130' title='bbox 1581 2617 1917 2700; x_wconf 71' lang='lat' dir='ltr'>Quinarii.</span> <span class='ocrx_word' id='word_1_131' title='bbox 2313 2620 2690 2682; x_wconf 89' lang='lat' dir='ltr'>admodum</span> <span class='ocrx_word' id='word_1_132' title='bbox 2735 2631 2934 2682; x_wconf 83' lang='lat' dir='ltr'>vetus</span> <span class='ocrx_word' id='word_1_133' title='bbox 2990 2617 3361 2682; x_wconf 86' lang='lat' dir='ltr'>institutum</span> <span class='ocrx_word' id='word_1_134' title='bbox 3409 2630 3477 2682; x_wconf 91' lang='lat' dir='ltr'>et</span> <span class='ocrx_word' id='word_1_135' title='bbox 3505 2618 3653 2681; x_wconf 88' lang='lat' dir='ltr'>usus</span> <span class='ocrx_word' id='word_1_136' title='bbox 3673 2637 3833 2703; x_wconf 83' lang='lat' dir='ltr'>pro·</span> <span class='ocrx_word' id='word_1_137' title='bbox 3883 2665 3898 2673; x_wconf 76' lang='grc'>-</span> 
     </span>
    </p>

    <p class='ocr_par' dir='ltr' id='par_1_7' title="bbox 720 2713 3892 4531">
     <span class='ocr_line' id='line_1_16' title="bbox 818 2713 3428 2803; baseline -0.001 -23"><span class='ocrx_word' id='word_1_138' title='bbox 818 2717 895 2780; x_wconf 91' lang='lat' dir='ltr'>In</span> <span class='ocrx_word' id='word_1_139' title='bbox 937 2716 1263 2803; x_wconf 85' lang='lat' dir='ltr'>quinariis</span> <span class='ocrx_word' id='word_1_140' title='bbox 1312 2715 1789 2801; x_wconf 83' lang='lat' dir='ltr'>antiquissimis</span> <span class='ocrx_word' id='word_1_141' title='bbox 1816 2762 1836 2792; x_wconf 90' lang='lat'>‚</span> <span class='ocrx_word' id='word_1_142' title='bbox 1902 2728 1976 2780; x_wconf 91' lang='lat' dir='ltr'>ut</span> <span class='ocrx_word' id='word_1_143' title='bbox 2032 2728 2102 2780; x_wconf 85' lang='lat' dir='ltr'>et</span> <span class='ocrx_word' id='word_1_144' title='bbox 2136 2714 2232 2779; x_wconf 91' lang='lat' dir='ltr'>se·</span> <span class='ocrx_word' id='word_1_145' title='bbox 2312 2736 2462 2780; x_wconf 74' lang='lat' dir='ltr'>ram</span> <span class='ocrx_word' id='word_1_146' title='bbox 2496 2715 2694 2778; x_wconf 85' lang='lat' dir='ltr'>navis</span> <span class='ocrx_word' id='word_1_147' title='bbox 2732 2713 2803 2777; x_wconf 88' lang='lat' dir='ltr'>in</span> <span class='ocrx_word' id='word_1_148' title='bbox 2843 2716 3074 2779; x_wconf 88' lang='lat' dir='ltr'>aeneis</span> <span class='ocrx_word' id='word_1_149' title='bbox 3117 2714 3428 2801; x_wconf 77' lang='lat' dir='ltr'>signavit.</span> 
     </span>
     <span class='ocr_line' id='line_1_17' title="bbox 727 2807 3840 2898; baseline -0.001 -22"><span class='ocrx_word' id='word_1_150' title='bbox 727 2810 1007 2898; x_wconf 68' lang='lat' dir='ltr'>stertiis,</span> <span class='ocrx_word' id='word_1_151' title='bbox 1057 2809 1271 2875; x_wconf 81' lang='lat' dir='ltr'>iidem</span> <span class='ocrx_word' id='word_1_152' title='bbox 1315 2810 1508 2874; x_wconf 78' lang='lat' dir='ltr'>fuere</span> <span class='ocrx_word' id='word_1_153' title='bbox 1537 2813 1726 2894; x_wconf 81' lang='lat' dir='ltr'>typi,</span> <span class='ocrx_word' id='word_1_154' title='bbox 1779 2810 1895 2892; x_wconf 88' lang='lat' dir='ltr'>qui</span> <span class='ocrx_word' id='word_1_155' title='bbox 1929 2813 1998 2873; x_wconf 87' lang='lat' dir='ltr'>in</span> <span class='ocrx_word' id='word_1_156' title='bbox 2027 2813 2235 2874; x_wconf 87' lang='lat' dir='ltr'>dena·</span> <span class='ocrx_word' id='word_1_157' title='bbox 2410 2807 2693 2875; x_wconf 84' lang='lat' dir='ltr'>Molesta</span> <span class='ocrx_word' id='word_1_158' title='bbox 2738 2809 2904 2878; x_wconf 89' lang='lat' dir='ltr'>mihi</span> <span class='ocrx_word' id='word_1_159' title='bbox 2951 2812 3208 2896; x_wconf 79' lang='lat' dir='ltr'>semper</span> <span class='ocrx_word' id='word_1_160' title='bbox 3239 2812 3386 2877; x_wconf 81' lang='lat' dir='ltr'>visa</span> <span class='ocrx_word' id='word_1_161' title='bbox 3431 2812 3657 2876; x_wconf 89' lang='lat' dir='ltr'>oratio</span> <span class='ocrx_word' id='word_1_162' title='bbox 3700 2809 3840 2874; x_wconf 73' lang='lat' dir='ltr'>Pli-</span> 
     </span>
     <span class='ocr_line' id='line_1_18' title="bbox 722 2905 3838 2994; baseline -0.001 -22"><span class='ocrx_word' id='word_1_163' title='bbox 722 2910 880 2984; x_wconf 90' lang='lat' dir='ltr'>riis‚</span> <span class='ocrx_word' id='word_1_164' title='bbox 948 2915 1239 2993; x_wconf 85' lang='lat' dir='ltr'>nempe:</span> <span class='ocrx_word' id='word_1_165' title='bbox 1278 2925 1289 2937; x_wconf 74' lang='lat'><em>⁴</em></span> <span class='ocrx_word' id='word_1_166' title='bbox 1327 2907 1532 2990; x_wconf 78' lang='lat' dir='ltr'>Caput</span> <span class='ocrx_word' id='word_1_167' title='bbox 1580 2905 1878 2971; x_wconf 67' lang='lat' dir='ltr'>Paffads&#39;s-</span> <span class='ocrx_word' id='word_1_168' title='bbox 1911 2906 2237 2994; x_wconf 57' lang='lat' dir='ltr'>galeatum</span> <span class='ocrx_word' id='word_1_169' title='bbox 2314 2905 2455 2989; x_wconf 89' lang='lat' dir='ltr'>nii,</span> <span class='ocrx_word' id='word_1_170' title='bbox 2507 2923 2715 2990; x_wconf 83' lang='lat' dir='ltr'>quarn</span> <span class='ocrx_word' id='word_1_171' title='bbox 2756 2920 3139 2993; x_wconf 79' lang='lat' dir='ltr'>opportune</span> <span class='ocrx_word' id='word_1_172' title='bbox 3181 2907 3316 2972; x_wconf 86' lang='lat' dir='ltr'>hoc</span> <span class='ocrx_word' id='word_1_173' title='bbox 3356 2909 3515 2973; x_wconf 94' lang='lat' dir='ltr'>loco</span> <span class='ocrx_word' id='word_1_174' title='bbox 3552 2910 3623 2970; x_wconf 92' lang='lat' dir='ltr'>in</span> <span class='ocrx_word' id='word_1_175' title='bbox 3663 2906 3838 2990; x_wconf 82' lang='lat' dir='ltr'>judi·</span> 
     </span>
     <span class='ocr_line' id='line_1_19' title="bbox 726 2998 3833 3090; baseline -0.001 -21"><span class='ocrx_word' id='word_1_176' title='bbox 726 3004 987 3070; x_wconf 76' lang='lat' dir='ltr'>alatum.</span> <span class='ocrx_word' id='word_1_177' title='bbox 1086 3009 1142 3076; x_wconf 62' lang='grc' dir='ltr'>’,ζ</span> <span class='ocrx_word' id='word_1_178' title='bbox 1214 3000 1497 3066; x_wconf 88' lang='lat' dir='ltr'><strong>ROMA.</strong></span> <span class='ocrx_word' id='word_1_179' title='bbox 1613 3002 1915 3069; x_wconf 76' lang='lat' dir='ltr'>Dioscuri</span> <span class='ocrx_word' id='word_1_180' title='bbox 1976 3006 2233 3090; x_wconf 64' lang='lat' dir='ltr'>equares.</span> <span class='ocrx_word' id='word_1_181' title='bbox 2318 3002 2498 3064; x_wconf 83' lang='lat' dir='ltr'>cium</span> <span class='ocrx_word' id='word_1_182' title='bbox 2550 3019 2925 3081; x_wconf 80' lang='lat' dir='ltr'>vocamus,</span> <span class='ocrx_word' id='word_1_183' title='bbox 3002 3008 3188 3084; x_wconf 89' lang='lat' dir='ltr'>cujus</span> <span class='ocrx_word' id='word_1_184' title='bbox 3225 3004 3456 3069; x_wconf 65' lang='lat' dir='ltr'>‘verba</span> <span class='ocrx_word' id='word_1_185' title='bbox 3517 3005 3708 3067; x_wconf 85' lang='lat' dir='ltr'>sunt:</span> <span class='ocrx_word' id='word_1_186' title='bbox 3763 2998 3833 3083; x_wconf 75' lang='lat'>⁸)</span> 
     </span>
     <span class='ocr_line' id='line_1_20' title="bbox 729 3096 3838 3186; baseline -0.001 -22"><span class='ocrx_word' id='word_1_187' title='bbox 729 3099 956 3164; x_wconf 87' lang='lat' dir='ltr'>Serius</span> <span class='ocrx_word' id='word_1_188' title='bbox 1024 3098 1334 3163; x_wconf 72' lang='lat' dir='ltr'>Victoria</span> <span class='ocrx_word' id='word_1_189' title='bbox 1391 3110 1755 3182; x_wconf 78' lang='lat' dir='ltr'>perpetuus</span> <span class='ocrx_word' id='word_1_190' title='bbox 1827 3100 1964 3180; x_wconf 83' lang='lat' dir='ltr'>ejus</span> <span class='ocrx_word' id='word_1_191' title='bbox 2023 3110 2233 3183; x_wconf 84' lang='lat' dir='ltr'>typus</span> <span class='ocrx_word' id='word_1_192' title='bbox 2318 3098 2538 3162; x_wconf 72' lang='lat' dir='ltr'>Livius</span> <span class='ocrx_word' id='word_1_193' title='bbox 2573 3096 2820 3186; x_wconf 51' lang='lat' dir='ltr'>Drusus</span> <span class='ocrx_word' id='word_1_194' title='bbox 2857 3102 2927 3162; x_wconf 70' lang='lat' dir='ltr'>in</span> <span class='ocrx_word' id='word_1_195' title='bbox 2951 3098 3283 3166; x_wconf 73' lang='lat' dir='ltr'>tribunatu</span> <span class='ocrx_word' id='word_1_196' title='bbox 3308 3100 3510 3185; x_wconf 76' lang='lat' dir='ltr'>plebls</span> <span class='ocrx_word' id='word_1_197' title='bbox 3551 3110 3838 3165; x_wconf 76' lang='lat' dir='ltr'>octavam</span> 
     </span>
     <span class='ocr_line' id='line_1_21' title="bbox 726 3194 3846 3284; baseline -0 -26"><span class='ocrx_word' id='word_1_198' title='bbox 726 3194 982 3272; x_wconf 72' lang='lat' dir='ltr'>evasit,</span> <span class='ocrx_word' id='word_1_199' title='bbox 1041 3198 1186 3279; x_wconf 84' lang='lat' dir='ltr'>jam</span> <span class='ocrx_word' id='word_1_200' title='bbox 1227 3205 1496 3278; x_wconf 80' lang='lat' dir='ltr'>partem</span> <span class='ocrx_word' id='word_1_201' title='bbox 1533 3194 1831 3257; x_wconf 86' lang='lat' dir='ltr'>anticam</span> <span class='ocrx_word' id='word_1_202' title='bbox 1865 3213 2235 3281; x_wconf 76' lang='lat' dir='ltr'>occupanS,</span> <span class='ocrx_word' id='word_1_203' title='bbox 2309 3204 2562 3280; x_wconf 76' lang='lat' dir='ltr'>partem</span> <span class='ocrx_word' id='word_1_204' title='bbox 2600 3196 2773 3258; x_wconf 78' lang='lat' dir='ltr'>aeris</span> <span class='ocrx_word' id='word_1_205' title='bbox 2822 3206 3090 3278; x_wconf 63' lang='lat' dir='ltr'>argento</span> <span class='ocrx_word' id='word_1_206' title='bbox 3141 3198 3404 3284; x_wconf 69' lang='lat' dir='ltr'>mis‘cnit.</span> <span class='ocrx_word' id='word_1_207' title='bbox 3509 3198 3634 3282; x_wconf 74' lang='lat' dir='ltr'>Qui</span> <span class='ocrx_word' id='word_1_208' title='bbox 3682 3211 3846 3259; x_wconf 76' lang='lat' dir='ltr'>nunc</span> 
     </span>
     <span class='ocr_line' id='line_1_22' title="bbox 720 3289 3845 3378; baseline 0 -24"><span class='ocrx_word' id='word_1_209' title='bbox 720 3296 865 3376; x_wconf 87' lang='lat' dir='ltr'>jam</span> <span class='ocrx_word' id='word_1_210' title='bbox 915 3292 985 3354; x_wconf 92' lang='lat' dir='ltr'>in</span> <span class='ocrx_word' id='word_1_211' title='bbox 1028 3290 1355 3356; x_wconf 73' lang='lat' dir='ltr'>aversam.</span> <span class='ocrx_word' id='word_1_212' title='bbox 1376 3293 1706 3374; x_wconf 77' lang='lat' dir='ltr'>trajecta,</span> <span class='ocrx_word' id='word_1_213' title='bbox 1770 3291 2104 3377; x_wconf 71' lang='lat' dir='ltr'>varioque</span> <span class='ocrx_word' id='word_1_214' title='bbox 2154 3312 2239 3355; x_wconf 90' lang='lat' dir='ltr'>ea</span> <span class='ocrx_word' id='word_1_215' title='bbox 2318 3289 2736 3354; x_wconf 80' lang='lat' dir='ltr'>victoriatus</span> <span class='ocrx_word' id='word_1_216' title='bbox 2777 3290 3159 3376; x_wconf 78' lang='lat' dir='ltr'>appellatur,</span> <span class='ocrx_word' id='word_1_217' title='bbox 3190 3294 3322 3378; x_wconf 70' lang='lat' dir='ltr'>legs</span> <span class='ocrx_word' id='word_1_218' title='bbox 3341 3293 3555 3359; x_wconf 82' lang='lat' dir='ltr'>Clodia</span> <span class='ocrx_word' id='word_1_219' title='bbox 3593 3289 3845 3376; x_wconf 74' lang='lat' dir='ltr'>percus-</span> 
     </span>
     <span class='ocr_line' id='line_1_23' title="bbox 728 3384 3892 3474; baseline 0.001 -24"><span class='ocrx_word' id='word_1_220' title='bbox 728 3387 1014 3465; x_wconf 85' lang='lat' dir='ltr'>habitu,</span> <span class='ocrx_word' id='word_1_221' title='bbox 1079 3391 1222 3470; x_wconf 85' lang='lat' dir='ltr'>jam</span> <span class='ocrx_word' id='word_1_222' title='bbox 1268 3384 1485 3464; x_wconf 82' lang='lat' dir='ltr'>stans,</span> <span class='ocrx_word' id='word_1_223' title='bbox 1564 3388 1710 3469; x_wconf 88' lang='lat' dir='ltr'>jam</span> <span class='ocrx_word' id='word_1_224' title='bbox 1761 3387 2029 3464; x_wconf 84' lang='lat' dir='ltr'>sedens,</span> <span class='ocrx_word' id='word_1_225' title='bbox 2093 3392 2239 3472; x_wconf 88' lang='lat' dir='ltr'>jam</span> <span class='ocrx_word' id='word_1_226' title='bbox 2301 3385 2420 3474; x_wconf 72' lang='lat' dir='ltr'>sus</span> <span class='ocrx_word' id='word_1_227' title='bbox 2443 3388 2544 3473; x_wconf 65' lang='lat' dir='ltr'>Ast.</span> <span class='ocrx_word' id='word_1_228' title='bbox 2642 3385 2858 3452; x_wconf 80' lang='lat' dir='ltr'>Antea</span> <span class='ocrx_word' id='word_1_229' title='bbox 2886 3391 3045 3452; x_wconf 74' lang='lat' dir='ltr'>enim</span> <span class='ocrx_word' id='word_1_230' title='bbox 3079 3385 3178 3453; x_wconf 77' lang='lat' dir='ltr'>hic</span> <span class='ocrx_word' id='word_1_231' title='bbox 3214 3409 3438 3454; x_wconf 75' lang='lat' dir='ltr'>numus</span> <span class='ocrx_word' id='word_1_232' title='bbox 3473 3408 3556 3451; x_wconf 82' lang='lat' dir='ltr'>ex</span> <span class='ocrx_word' id='word_1_233' title='bbox 3595 3388 3845 3471; x_wconf 81' lang='lat' dir='ltr'>Illyrico</span> <span class='ocrx_word' id='word_1_234' title='bbox 3887 3449 3892 3452; x_wconf 88' lang='lat'>.</span> 
     </span>
     <span class='ocr_line' id='line_1_24' title="bbox 729 3480 3846 3593; baseline -0.001 -46"><span class='ocrx_word' id='word_1_235' title='bbox 729 3496 1089 3569; x_wconf 82' lang='lat' dir='ltr'>tropaeum</span> <span class='ocrx_word' id='word_1_236' title='bbox 1130 3480 1457 3561; x_wconf 77' lang='lat' dir='ltr'>statuens,</span> <span class='ocrx_word' id='word_1_237' title='bbox 1503 3486 1647 3566; x_wconf 88' lang='lat' dir='ltr'>jam</span> <span class='ocrx_word' id='word_1_238' title='bbox 1685 3482 2037 3593; x_wconf 83' lang='lat' dir='ltr'>quidquid</span> <span class='ocrx_word' id='word_1_239' title='bbox 2050 3483 2240 3548; x_wconf 87' lang='lat' dir='ltr'>aliud</span> <span class='ocrx_word' id='word_1_240' title='bbox 2321 3483 2613 3549; x_wconf 61' lang='lat' dir='ltr'>advectus</span> <span class='ocrx_word' id='word_1_241' title='bbox 2641 3486 2861 3548; x_wconf 73' lang='lat' dir='ltr'>mercis</span> <span class='ocrx_word' id='word_1_242' title='bbox 2894 3482 3022 3549; x_wconf 81' lang='lat' dir='ltr'>loco</span> <span class='ocrx_word' id='word_1_243' title='bbox 3059 3482 3433 3550; x_wconf 76' lang='lat' dir='ltr'>habebatur.</span> <span class='ocrx_word' id='word_1_244' title='bbox 3502 3485 3609 3571; x_wconf 61' lang='lat' dir='ltr'>1ss</span> <span class='ocrx_word' id='word_1_245' title='bbox 3640 3490 3846 3549; x_wconf 74' lang='lat' dir='ltr'>autem</span> 
     </span>
     <span class='ocr_line' id='line_1_25' title="bbox 730 3578 3846 3670; baseline -0.001 -27"><span class='ocrx_word' id='word_1_246' title='bbox 730 3600 1082 3667; x_wconf 79' lang='lat' dir='ltr'>peragens,</span> <span class='ocrx_word' id='word_1_247' title='bbox 1180 3579 1286 3642; x_wconf 81' lang='lat' dir='ltr'>Ex</span> <span class='ocrx_word' id='word_1_248' title='bbox 1344 3590 1542 3642; x_wconf 89' lang='lat' dir='ltr'>tanto</span> <span class='ocrx_word' id='word_1_249' title='bbox 1611 3578 2072 3663; x_wconf 74' lang='lat' dir='ltr'>quinat-iorum</span> <span class='ocrx_word' id='word_1_250' title='bbox 2139 3581 2238 3644; x_wconf 89' lang='lat' dir='ltr'>su·</span> <span class='ocrx_word' id='word_1_251' title='bbox 2301 3581 2599 3670; x_wconf 72' lang='lat' dir='ltr'>signatus</span> <span class='ocrx_word' id='word_1_252' title='bbox 2626 3578 2979 3657; x_wconf 85' lang='lat' dir='ltr'>Victoria,</span> <span class='ocrx_word' id='word_1_253' title='bbox 3031 3589 3090 3644; x_wconf 79' lang='lat' dir='ltr'>et</span> <span class='ocrx_word' id='word_1_254' title='bbox 3121 3580 3265 3645; x_wconf 76' lang='lat' dir='ltr'>mdc</span> <span class='ocrx_word' id='word_1_255' title='bbox 3297 3598 3535 3643; x_wconf 73' lang='lat' dir='ltr'>nomen.</span> <span class='ocrx_word' id='word_1_256' title='bbox 3618 3579 3846 3660; x_wconf 87' lang='lat' dir='ltr'>Quae-</span> 
     </span>
     <span class='ocr_line' id='line_1_26' title="bbox 730 3673 3848 3764; baseline -0.002 -25"><span class='ocrx_word' id='word_1_257' title='bbox 730 3674 1072 3764; x_wconf 84' lang='lat' dir='ltr'>perstitum</span> <span class='ocrx_word' id='word_1_258' title='bbox 1126 3693 1410 3740; x_wconf 84' lang='lat' dir='ltr'>numero</span> <span class='ocrx_word' id='word_1_259' title='bbox 1457 3674 1611 3739; x_wconf 87' lang='lat' dir='ltr'>aliis</span> <span class='ocrx_word' id='word_1_260' title='bbox 1670 3674 1795 3738; x_wconf 84' lang='lat' dir='ltr'>ess&#39;e</span> <span class='ocrx_word' id='word_1_261' title='bbox 1835 3675 2021 3761; x_wconf 86' lang='lat' dir='ltr'>typis</span> <span class='ocrx_word' id='word_1_262' title='bbox 2069 3697 2237 3762; x_wconf 87' lang='lat' dir='ltr'>pau·</span> <span class='ocrx_word' id='word_1_263' title='bbox 2319 3696 2400 3739; x_wconf 84' lang='lat' dir='ltr'>ro</span> <span class='ocrx_word' id='word_1_264' title='bbox 2450 3674 2573 3739; x_wconf 89' lang='lat' dir='ltr'>abs</span> <span class='ocrx_word' id='word_1_265' title='bbox 2607 3686 2676 3738; x_wconf 86' lang='lat' dir='ltr'>te</span> <span class='ocrx_word' id='word_1_266' title='bbox 2703 3719 2725 3752; x_wconf 83' lang='lat'>,</span> <span class='ocrx_word' id='word_1_267' title='bbox 2797 3676 2894 3738; x_wconf 89' lang='lat' dir='ltr'>mi</span> <span class='ocrx_word' id='word_1_268' title='bbox 2944 3674 3288 3744; x_wconf 68' lang='lat' dir='ltr'>Secunde*</span> <span class='ocrx_word' id='word_1_269' title='bbox 3359 3676 3479 3739; x_wconf 90' lang='lat' dir='ltr'>ubi</span> <span class='ocrx_word' id='word_1_270' title='bbox 3549 3673 3848 3761; x_wconf 83' lang='lat' dir='ltr'>gentium</span> 
     </span>
     <span class='ocr_line' id='line_1_27' title="bbox 734 3767 3852 3879; baseline -0.002 -44"><span class='ocrx_word' id='word_1_271' title='bbox 734 3772 1036 3835; x_wconf 85' lang='lat' dir='ltr'>cissimos</span> <span class='ocrx_word' id='word_1_272' title='bbox 1079 3772 1322 3847; x_wconf 82' lang='lat' dir='ltr'>video,</span> <span class='ocrx_word' id='word_1_273' title='bbox 1400 3790 1642 3856; x_wconf 84' lang='lat' dir='ltr'>nempe</span> <span class='ocrx_word' id='word_1_274' title='bbox 1686 3790 1858 3853; x_wconf 90' lang='lat' dir='ltr'>quos</span> <span class='ocrx_word' id='word_1_275' title='bbox 1912 3770 2248 3859; x_wconf 83' lang='lat' dir='ltr'>Gordius,</span> <span class='ocrx_word' id='word_1_276' title='bbox 2325 3771 2663 3879; x_wconf 66' lang='lat' dir='ltr'>perculsus</span> <span class='ocrx_word' id='word_1_277' title='bbox 2718 3770 2831 3833; x_wconf 79' lang='lat' dir='ltr'>hic</span> <span class='ocrx_word' id='word_1_278' title='bbox 2891 3790 3136 3836; x_wconf 81' lang='lat' dir='ltr'>numus</span> <span class='ocrx_word' id='word_1_279' title='bbox 3194 3773 3601 3857; x_wconf 75' lang='lat' dir='ltr'>argenteus?</span> <span class='ocrx_word' id='word_1_280' title='bbox 3691 3767 3852 3831; x_wconf 85' lang='lat' dir='ltr'>Non</span> 
     </span>
     <span class='ocr_line' id='line_1_28' title="bbox 734 3863 3852 3953; baseline -0.002 -22"><span class='ocrx_word' id='word_1_281' title='bbox 734 3868 1059 3946; x_wconf 85' lang='lat' dir='ltr'>Mettius,</span> <span class='ocrx_word' id='word_1_282' title='bbox 1125 3867 1416 3953; x_wconf 89' lang='lat' dir='ltr'>Papius,</span> <span class='ocrx_word' id='word_1_283' title='bbox 1484 3880 1552 3931; x_wconf 91' lang='lat' dir='ltr'>et</span> <span class='ocrx_word' id='word_1_284' title='bbox 1596 3864 1837 3930; x_wconf 84' lang='lat' dir='ltr'>Sestius</span> <span class='ocrx_word' id='word_1_285' title='bbox 1896 3869 2246 3932; x_wconf 89' lang='lat' dir='ltr'>cuderunt.</span> <span class='ocrx_word' id='word_1_286' title='bbox 2330 3865 2481 3928; x_wconf 85' lang='lat' dir='ltr'>sane</span> <span class='ocrx_word' id='word_1_287' title='bbox 2540 3867 2611 3928; x_wconf 89' lang='lat' dir='ltr'>in</span> <span class='ocrx_word' id='word_1_288' title='bbox 2672 3865 2995 3952; x_wconf 84' lang='lat' dir='ltr'>Illyrico,</span> <span class='ocrx_word' id='word_1_289' title='bbox 3069 3888 3229 3932; x_wconf 87' lang='lat' dir='ltr'>nam</span> <span class='ocrx_word' id='word_1_290' title='bbox 3291 3887 3537 3932; x_wconf 85' lang='lat' dir='ltr'>numos</span> <span class='ocrx_word' id='word_1_291' title='bbox 3582 3868 3655 3929; x_wconf 90' lang='lat' dir='ltr'>in</span> <span class='ocrx_word' id='word_1_292' title='bbox 3709 3863 3852 3927; x_wconf 85' lang='lat' dir='ltr'>hoc</span> 
     </span>
     <span class='ocr_line' id='line_1_29' title="bbox 735 3959 3852 4051; baseline -0.001 -26"><span class='ocrx_word' id='word_1_293' title='bbox 735 3963 918 4045; x_wconf 85' lang='lat' dir='ltr'>Quin</span> <span class='ocrx_word' id='word_1_294' title='bbox 946 3975 1012 4028; x_wconf 89' lang='lat' dir='ltr'>et</span> <span class='ocrx_word' id='word_1_295' title='bbox 1047 3964 1332 4027; x_wconf 90' lang='lat' dir='ltr'>eandem</span> <span class='ocrx_word' id='word_1_296' title='bbox 1363 3964 1581 4051; x_wconf 87' lang='lat' dir='ltr'>legem</span> <span class='ocrx_word' id='word_1_297' title='bbox 1610 3962 1914 4026; x_wconf 89' lang='lat' dir='ltr'>obtinent</span> <span class='ocrx_word' id='word_1_298' title='bbox 1952 3964 2247 4047; x_wconf 82' lang='lat' dir='ltr'>quinarii</span> <span class='ocrx_word' id='word_1_299' title='bbox 2327 3971 2553 4022; x_wconf 86' lang='lat' dir='ltr'>tractu</span> <span class='ocrx_word' id='word_1_300' title='bbox 2568 3961 2879 4025; x_wconf 86' lang='lat' dir='ltr'>Victoria</span> <span class='ocrx_word' id='word_1_301' title='bbox 2909 3961 3199 4049; x_wconf 79' lang='lat' dir='ltr'>signatos</span> <span class='ocrx_word' id='word_1_302' title='bbox 3223 3963 3641 4050; x_wconf 77' lang='lat' dir='ltr'>ignoramus,</span> <span class='ocrx_word' id='word_1_303' title='bbox 3711 3959 3852 4022; x_wconf 85' lang='lat' dir='ltr'>Sed</span> 
     </span>
     <span class='ocr_line' id='line_1_30' title="bbox 736 4054 3843 4147; baseline -0.002 -24"><span class='ocrx_word' id='word_1_304' title='bbox 736 4056 1182 4146; x_wconf 79' lang='lat' dir='ltr'>Augustorum</span> <span class='ocrx_word' id='word_1_305' title='bbox 1244 4079 1422 4124; x_wconf 79' lang='lat' dir='ltr'>aevo</span> <span class='ocrx_word' id='word_1_306' title='bbox 1473 4056 1745 4147; x_wconf 75' lang='lat' dir='ltr'>Egnati,</span> <span class='ocrx_word' id='word_1_307' title='bbox 1828 4077 1989 4123; x_wconf 91' lang='lat' dir='ltr'>raro</span> <span class='ocrx_word' id='word_1_308' title='bbox 2054 4059 2196 4123; x_wconf 90' lang='lat' dir='ltr'>alio</span> <span class='ocrx_word' id='word_1_309' title='bbox 2226 4104 2246 4134; x_wconf 90' lang='lat'><strong>,</strong></span> <span class='ocrx_word' id='word_1_310' title='bbox 2332 4075 2552 4138; x_wconf 88' lang='lat' dir='ltr'>neque</span> <span class='ocrx_word' id='word_1_311' title='bbox 2590 4068 2663 4120; x_wconf 90' lang='lat' dir='ltr'>tu</span> <span class='ocrx_word' id='word_1_312' title='bbox 2709 4058 2881 4121; x_wconf 80' lang='lat' dir='ltr'>istud</span> <span class='ocrx_word' id='word_1_313' title='bbox 2915 4061 3023 4121; x_wconf 86' lang='lat' dir='ltr'>ais</span> <span class='ocrx_word' id='word_1_314' title='bbox 3052 4106 3072 4136; x_wconf 90' lang='lat'><strong>,</strong></span> <span class='ocrx_word' id='word_1_315' title='bbox 3123 4059 3235 4123; x_wconf 87' lang='lat' dir='ltr'>sed</span> <span class='ocrx_word' id='word_1_316' title='bbox 3270 4079 3357 4123; x_wconf 83' lang='lat' dir='ltr'>ex</span> <span class='ocrx_word' id='word_1_317' title='bbox 3395 4058 3671 4143; x_wconf 83' lang='lat' dir='ltr'>Illyrico</span> <span class='ocrx_word' id='word_1_318' title='bbox 3726 4054 3843 4117; x_wconf 90' lang='lat' dir='ltr'>ad-</span> 
     </span>
     <span class='ocr_line' id='line_1_31' title="bbox 738 4150 3857 4244; baseline -0.002 -26"><span class='ocrx_word' id='word_1_319' title='bbox 738 4175 948 4239; x_wconf 87' lang='lat' dir='ltr'>quam</span> <span class='ocrx_word' id='word_1_320' title='bbox 989 4156 1374 4239; x_wconf 79' lang='lat' dir='ltr'>Victoriae,</span> <span class='ocrx_word' id='word_1_321' title='bbox 1424 4168 1634 4243; x_wconf 81' lang='lat' dir='ltr'>typo,</span> <span class='ocrx_word' id='word_1_322' title='bbox 1687 4166 1761 4217; x_wconf 86' lang='lat' dir='ltr'>ut</span> <span class='ocrx_word' id='word_1_323' title='bbox 1795 4156 1972 4218; x_wconf 90' lang='lat' dir='ltr'>adeo</span> <span class='ocrx_word' id='word_1_324' title='bbox 2007 4154 2066 4216; x_wconf 91' lang='lat' dir='ltr'>is</span> <span class='ocrx_word' id='word_1_325' title='bbox 2089 4154 2248 4244; x_wconf 72' lang='lat' dir='ltr'>hujc</span> <span class='ocrx_word' id='word_1_326' title='bbox 2332 4164 2592 4217; x_wconf 83' lang='lat' dir='ltr'>vectos.</span> <span class='ocrx_word' id='word_1_327' title='bbox 2693 4153 3187 4236; x_wconf 87' lang='lat' dir='ltr'>Prosequamur</span> <span class='ocrx_word' id='word_1_328' title='bbox 3245 4154 3377 4218; x_wconf 86' lang='lat' dir='ltr'>iter</span> <span class='ocrx_word' id='word_1_329' title='bbox 3416 4153 3539 4217; x_wconf 87' lang='lat' dir='ltr'>abs</span> <span class='ocrx_word' id='word_1_330' title='bbox 3574 4164 3641 4218; x_wconf 91' lang='lat' dir='ltr'>te</span> <span class='ocrx_word' id='word_1_331' title='bbox 3677 4150 3857 4215; x_wconf 71' lang='lat' dir='ltr'>indi-</span> 
     </span>
     <span class='ocr_line' id='line_1_32' title="bbox 740 4250 3851 4337; baseline -0.002 -23"><span class='ocrx_word' id='word_1_332' title='bbox 740 4262 1058 4316; x_wconf 81' lang='lat' dir='ltr'>monetae</span> <span class='ocrx_word' id='word_1_333' title='bbox 1090 4263 1451 4337; x_wconf 83' lang='lat' dir='ltr'>argenteae</span> <span class='ocrx_word' id='word_1_334' title='bbox 1484 4252 1677 4317; x_wconf 81' lang='lat' dir='ltr'>classi</span> <span class='ocrx_word' id='word_1_335' title='bbox 1716 4250 1902 4314; x_wconf 82' lang='lat' dir='ltr'>velut</span> <span class='ocrx_word' id='word_1_336' title='bbox 1932 4251 2248 4335; x_wconf 87' lang='lat' dir='ltr'>proprius</span> <span class='ocrx_word' id='word_1_337' title='bbox 2332 4259 2587 4316; x_wconf 82' lang='lat' dir='ltr'>catum.</span> <span class='ocrx_word' id='word_1_338' title='bbox 2686 4250 2883 4314; x_wconf 86' lang='lat' dir='ltr'>Vltra</span> <span class='ocrx_word' id='word_1_339' title='bbox 2924 4250 3273 4334; x_wconf 68' lang='lat' dir='ltr'>illyricum</span> <span class='ocrx_word' id='word_1_340' title='bbox 3326 4269 3413 4313; x_wconf 82' lang='lat' dir='ltr'>ex</span> <span class='ocrx_word' id='word_1_341' title='bbox 3459 4251 3660 4313; x_wconf 86' lang='lat' dir='ltr'>Italia</span> <span class='ocrx_word' id='word_1_342' title='bbox 3706 4258 3851 4309; x_wconf 87' lang='lat' dir='ltr'>ten-</span> 
     </span>
     <span class='ocr_line' id='line_1_33' title="bbox 736 4342 3851 4431; baseline -0.003 -21"><span class='ocrx_word' id='word_1_343' title='bbox 736 4351 883 4431; x_wconf 86' lang='lat' dir='ltr'>jure</span> <span class='ocrx_word' id='word_1_344' title='bbox 911 4347 985 4410; x_wconf 81' lang='lat' dir='ltr'>fit</span> <span class='ocrx_word' id='word_1_345' title='bbox 1018 4345 1516 4412; x_wconf 83' lang='lat' dir='ltr'>existimandus.</span> <span class='ocrx_word' id='word_1_346' title='bbox 1580 4344 1791 4410; x_wconf 76' lang='lat' dir='ltr'>-Istud</span> <span class='ocrx_word' id='word_1_347' title='bbox 1828 4365 1982 4407; x_wconf 83' lang='lat' dir='ltr'>cum</span> <span class='ocrx_word' id='word_1_348' title='bbox 2012 4363 2251 4409; x_wconf 76' lang='lat' dir='ltr'>verum</span> <span class='ocrx_word' id='word_1_349' title='bbox 2335 4343 2519 4407; x_wconf 88' lang='lat' dir='ltr'>denti</span> <span class='ocrx_word' id='word_1_350' title='bbox 2571 4342 2659 4408; x_wconf 89' lang='lat' dir='ltr'>est</span> <span class='ocrx_word' id='word_1_351' title='bbox 2710 4346 3151 4413; x_wconf 88' lang='lat' dir='ltr'>Macedonia.</span> <span class='ocrx_word' id='word_1_352' title='bbox 3251 4345 3359 4408; x_wconf 87' lang='lat' dir='ltr'>Ea</span> <span class='ocrx_word' id='word_1_353' title='bbox 3400 4347 3591 4430; x_wconf 88' lang='lat' dir='ltr'>regio</span> <span class='ocrx_word' id='word_1_354' title='bbox 3635 4345 3851 4409; x_wconf 85' lang='lat' dir='ltr'>abun-</span> 
     </span>
     <span class='ocr_line' id='line_1_34' title="bbox 741 4440 3849 4531; baseline -0.003 -24"><span class='ocrx_word' id='word_1_355' title='bbox 741 4442 854 4526; x_wconf 82' lang='lat' dir='ltr'>fit,</span> <span class='ocrx_word' id='word_1_356' title='bbox 928 4464 1135 4531; x_wconf 91' lang='lat' dir='ltr'>quam</span> <span class='ocrx_word' id='word_1_357' title='bbox 1191 4446 1374 4527; x_wconf 87' lang='lat' dir='ltr'>quod</span> <span class='ocrx_word' id='word_1_358' title='bbox 1421 4443 1512 4508; x_wconf 84' lang='lat' dir='ltr'>est</span> <span class='ocrx_word' id='word_1_359' title='bbox 1564 4441 2031 4526; x_wconf 82' lang='lat' dir='ltr'>verissimum,</span> <span class='ocrx_word' id='word_1_360' title='bbox 2115 4459 2253 4503; x_wconf 91' lang='lat' dir='ltr'>non</span> <span class='ocrx_word' id='word_1_361' title='bbox 2337 4440 2457 4502; x_wconf 89' lang='lat' dir='ltr'>dat</span> <span class='ocrx_word' id='word_1_362' title='bbox 2512 4441 2908 4505; x_wconf 87' lang='lat' dir='ltr'>Victoriatis</span> <span class='ocrx_word' id='word_1_363' title='bbox 2967 4443 3337 4506; x_wconf 81' lang='lat' dir='ltr'>Alexandri</span> <span class='ocrx_word' id='word_1_364' title='bbox 3400 4454 3467 4504; x_wconf 89' lang='lat' dir='ltr'>et</span> <span class='ocrx_word' id='word_1_365' title='bbox 3507 4440 3849 4525; x_wconf 86' lang='lat' dir='ltr'>Philippi,</span> 
     </span>
    </p>
   </div>
   <div class='ocr_carea' id='block_1_7' title="bbox 719 4601 3859 4652">
    <p class='ocr_par' dir='ltr' id='par_1_8' title="bbox 719 4601 3859 4652">
     <span class='ocr_line' id='line_1_35' title="bbox 719 4601 3859 4652; baseline 0 -21"><span class='ocrx_word' id='word_1_366' title='bbox 719 4601 3859 4652; x_wconf 42' lang='lat' dir='ltr'>mmm</span> 
     </span>
    </p>
   </div>
   <div class='ocr_carea' id='block_1_8' title="bbox 806 4679 1483 4751">
    <p class='ocr_par' dir='ltr' id='par_1_9' title="bbox 806 4679 1483 4751">
     <span class='ocr_line' id='line_1_36' title="bbox 806 4679 1483 4751; baseline 0.013 -16"><span class='ocrx_word' id='word_1_367' title='bbox 806 4681 873 4751; x_wconf 74' lang='grc'>.)</span> <span class='ocrx_word' id='word_1_368' title='bbox 904 4681 971 4738; x_wconf 84' lang='lat'>1..</span> <span class='ocrx_word' id='word_1_369' title='bbox 1006 4679 1289 4741; x_wconf 81' lang='lat' dir='ltr'>xxxm.</span> <span class='ocrx_word' id='word_1_370' title='bbox 1324 4679 1358 4748; x_wconf 73' lang='grc' dir='ltr'><strong>ς</strong></span> <span class='ocrx_word' id='word_1_371' title='bbox 1403 4691 1483 4743; x_wconf 68' lang='lat' dir='ltr'>ns-</span> 
     </span>
    </p>
   </div>
   <div class='ocr_carea' id='block_1_9' title="bbox 4153 4578 4162 5387">
    <p class='ocr_par' dir='ltr' id='par_1_10' title="bbox 4153 4578 4162 5387">
     <span class='ocr_line' id='line_1_37' title="bbox 4153 4578 4162 5387; baseline 0 0"><span class='ocrx_word' id='word_1_372' title='bbox 4153 4578 4162 5387; x_wconf 95' lang='lat' dir='ltr'> </span> 
     </span>
    </p>
   </div>
  </div>
 </body>
</html>
