4175 5450
1689 598 2301 678 AEMILIA.

388 805 660 891 proprt‘a
669 801 930 890 pic-unia
943 805 1264 891 firmaret,
1319 814 1715 893 ornantque,
1767 826 1916 871 ver·

394 900 488 965 ba
531 901 676 963 sunt
710 903 962 967 Taciti.
1013 901 1077 985 ⁸)
1180 903 1497 969 Ceterum
1549 924 1726 987 quae
1778 904 1920 967 alia

394 998 487 1061 ad
527 995 707 1061 hanc
769 996 1158 1080 basilicam,
1212 1004 1487 1088 ejusque
1527 1003 1596 1064 in
1646 999 1812 1064 urbe
1849 998 1918 1061 si-

392 1105 581 1171 tum,
634 1104 776 1156 tum
851 1093 1024 1158 alias
1077 1099 1319 1162 eodem
1381 1099 1654 1163 nomine
1722 1097 1919 1183 (nam

393 1189 625 1277 plures
671 1189 1084 1275 produntur)
1134 1196 1509 1280 pertinent,
1560 1194 1720 1258 vide
1758 1192 1920 1258 niti-

396 1286 484 1348 de
521 1285 871 1371 explicata
914 1307 958 1350 a
996 1289 1081 1353 cl.
1127 1291 1190 1353 le
1240 1292 1455 1354 Beau.
1487 1247 1574 1372 1’)

493 1380 602 1445 De
665 1394 1018 1469 tempore,
1087 1405 1224 1476 quo
1281 1388 1598 1452 denarius
1668 1386 1782 1451 hic
1845 1382 1921 1447 fit

394 1477 785 1589 pstercuss'us
839 1482 1212 1591 disputatur
1248 1483 1338 1547 ab
1396 1484 1696 1548 eruditis·
1795 1482 1918 1545 Pe·

395 1575 699 1638 rizonius
735 1596 888 1640 eum
932 1578 1003 1640 in
1062 1591 1359 1644 aetatem
1397 1579 1700 1657 Tiberii,
1780 1597 1920 1662 qua

401 1690 556 1735 eam
598 1667 788 1735 fuisse
829 1671 1161 1739 refectam
1198 1696 1285 1739 ex
1349 1678 1603 1740 Tacito
1676 1675 1918 1738 docui·

398 1786 602 1846 mus,
655 1782 1042 1878 promovet.
1085 1770 1144 1852 ⁶)
1209 1773 1458 1838 Melius
1494 1773 1917 1836 Hav'ercam·

394 1882 525 1950 pus
570 1865 662 1928 ad
707 1865 1010 1949 priorem
1055 1866 1173 1930 sub
1232 1866 1529 1954 Augusto
1586 1861 1917 1931 restaura-

258 1987 267 1997 ·
395 1962 654 2025 tionem
694 1961 998 2025 retrahit.
1100 1963 1248 2027 Iam
1312 1967 1494 2028 enim
1541 1963 1657 2028 sub
1699 1975 1917 2050 extre·

395 2076 547 2121 mos
603 2057 801 2142 hujus
839 2079 1057 2123 annos
1096 2059 1425 2125 desierunt
1458 2063 1724 2125 Romae
1758 2059 1920 2124 feri·

393 2154 456 2215 ri
507 2156 694 2218 numi
729 2157 1028 2239 gentium
1084 2159 1356 2222 nomine
1403 2156 1725 2243 insignes,
1776 2175 1920 2220 mo·

396 2260 563 2314 neta
601 2251 789 2312 omni
826 2252 943 2311 uni
986 2248 1293 2315 Caesaris
1329 2254 1587 2318 nomini
1625 2253 1920 2315 reserva-

396 2355 494 2410 ta.
594 2345 817 2408 Favet
857 2345 1063 2406 etiam
1101 2343 1450 2429 posteriori
1475 2347 1632 2410 huic
1671 2347 1920 2409 senten·

396 2441 539 2504 tiae
577 2450 786 2524 caput
823 2439 1133 2517 amicae,
1199 2442 1388 2521 quod
1453 2441 1638 2504 haud
1715 2438 1922 2503 dubie

399 2532 642 2600 Vestae
678 2533 786 2598 est.
888 2535 1070 2597 Nam
1110 2553 1260 2598 cum
1295 2537 1363 2600 in
1399 2537 1584 2600 dicto
1606 2535 1922 2599 incendio

396 2632 571 2719 ignis
594 2633 683 2697 ad
701 2651 915 2717 usque
932 2630 1258 2716 templum
1273 2631 1514 2697 Vesta-e
1531 2630 1924 2717 pervaserit,

395 2729 761 2816 probabile
781 2725 895 2805 est,
921 2748 1199 2792 numum
1219 2731 1547 2815 respicere
1579 2742 1646 2793 et
1684 2725 1922 2791 Vestae

402 2827 636 2904 aedes,
658 2838 728 2889 et
742 2824 1087 2889 basilicam
1122 2824 1213 2890 ab
1245 2824 1538 2912 Augusto
1565 2823 1923 2891 restitutas,

355 2946 362 2951 ’
398 2922 629 3002 Addo,
681 2923 897 3007 magis
939 2919 1236 3007 Augusti,
1289 2943 1495 3009 quam
1522 2922 1786 2986 Tiberii
1812 2940 1924 2984 ae·

402 3036 569 3083 vum
603 3017 840 3105 sapere
878 3012 1340 3083 archaismum
1385 3018 1774 3083 AIMILIA.

1146 3115 1177 3146 Β

694 3209 988 3280 ROMA.
1062 3210 1269 3297 Caput
1324 3165 1618 3279 :insalubre
1680 3210 1925 3279 laurea-

689 3317 865 3387 tam,
911 3327 1074 3394 pone
1103 3310 1187 3372 X.

351 3406 542 3471 -ΜῙ,
603 3404 956 3467 AEMILI.
1008 3405 1252 3471 Statua
1278 3406 1564 3493 equqffm‘s
1601 3403 1664 3470 d.
1696 3354 1930 3492 bastani

402 3510 638 3573 unm
659 3501 869 3588 insistit
895 3502 1353 3583 ponti,1ntra
1381 3503 1561 3586 cujus
1592 3508 1723 3565 tres
1743 3519 1931 3564 arcus

384 3596 693 3684 scriptum
741 3594 931 3661 LEP.
1033 3596 1181 3658 AR.
1232 3595 1318 3657 R.

503 3687 746 3754 Refert
779 3689 1220 3768 Plutarchus,
1274 3701 1556 3777 pontem
1594 3688 1665 3754 ἰιι
1724 3686 1932 3754 Tibe·

403 3790 465 3854 ri
504 3785 895 3863 sublicium,
949 3805 1086 3870 quo
1125 3787 1385 3872 primus
1439 3790 1668 3850 Ancus
1738 3786 1934 3850 Mar-

408 3887 553 3967 cius
605 3880 985 3959 Ianiculum
1048 3902 1202 3945 cum
1283 3884 1452 3948 urbe
1520 3882 1871 3965 conjunxit
1908 3929 1930 3960 ,

406 3980 642 4058 multis
681 3975 829 4065 post
866 3977 1151 4043 saeculis
1202 3979 1294 4043 ab
1361 3981 1657 4044 Aemilio
1726 3999 1933 4066 quae-

408 4074 580 4142 store
608 4072 872 4138 factum
906 4073 1278 4163 lapideum.
1331 4068 1396 4160 ἆ)
1492 4077 1604 4141 Ab
1640 4076 1778 4141 hoc
1796 4079 1932 4139 Ae·

407 4173 603 4237 milio
641 4171 700 4234 is
747 4171 1026 4236 Aemilii
1080 4191 1331 4237 nomen
1379 4170 1673 4249 abstulit,
1776 4171 1933 4255 Quo

411 4286 592 4333 anno
640 4286 812 4354 opus
859 4267 1148 4353 positum
1206 4267 1323 4349 fit,
1386 4288 1608 4354 neque
1669 4268 1934 4333 Plutar-

413 4364 621 4441 chus,
673 4382 892 4447 neque
922 4380 952 4444 ,“
997 4367 1183 4452 quod
1220 4367 1480 4451 norim,
1535 4366 1709 4430 alius
1780 4382 1935 4450 pro·

486 4611 876 4676 a)Ann.111.
914 4633 960 4669 e.
999 4634 1082 4685 7²

418 4680 609 4735 Numa
641 4698 700 4753 Ρ.
737 4700 813 4735 m.
849 4686 935 4738 66.
1129 4688 1185 4742 el
1218 4704 1370 4742 num.
1405 4686 1594 4746 fam.
1573 4704 1640 4741 ιιι
1673 4686 1937 4743 Aemilia.

1256 4615 2148 4701 b)131.·1·xx1vp.no5

3398 631 3544 695 ²27

2010 802 2205 870 didit.
2300 800 2579 888 Pighius
2627 800 2815 866 Man.
2885 800 3253 867 Aemilium
3319 801 3527 890 Lepi·

2010 900 2181 963 dum,
2213 895 2634 982 quaestorem
2670 918 2849 961 anno
2894 902 2979 962 V.
3030 897 3109 967 C.
3174 902 3310 985 675
3359 899 3525 965 inse·-

2008 996 2120 1071 rit‚
2176 1007 2379 1079 atque
2414 1007 2556 1058 tum
2590 996 2936 1059 conditum
2971 995 3059 1058 ab
3097 1015 3180 1059 eo
3218 1009 3553 1081 pontem.-

2011 1091 2172 1174 Qua
2196 1089 2364 1154 istud
2399 1095 2835 1168 auctoritate,
2886 1093 3166 1177 ignoro;
3217 1112 3377 1156 nam
3396 1113 3518 1159 va-

2007 1186 2340 1274 despalios
2373 1207 2507 1250 non
2533 1191 2721 1265 citat,
2773 1188 3525 1273 praeter-Plutarchum,

2007 1296 2076 1347 et
2123 1284 2476 1348 denarium
2538 1284 2979 1370 praesentem.
3096 1286 3190 1347 At
3254 1284 3521 1350 Plutar-

2006 1379 2173 1444 chus
2214 1399 2435 1465 neque
2485 1400 2734 1446 annum
2799 1377 3230 1466 quaesturae,
3300 1400 3523 1465 neque

2002 1476 2303 1540 Aemilio
2346 1477 2506 1543 huic
2567 1476 2758 1543 fuisse
2827 1496 3243 1563 praenomen
3302 1478 3525 1543 Manii

2002 1574 2238 1659 prodit
2260 1620 2281 1651 ,
2333 1586 2403 1636 et
2431 1576 2730 1654 Manius,
2784 1594 2986 1657 quem
3020 1593 3260 1637 numus
3295 1572 3522 1653 offert,

1999 1680 2285 1755 poterat
2323 1669 2448 1733 ess'e
2495 1691 2664 1735 unus
2708 1691 2795 1735 ex
2835 1669 3116 1757 posteris
3153 1672 3293 1749 ejus
3310 1717 3351 1746 .‚
3406 1671 3525 1754 qui

2005 1767 2234 1852 operis
2278 1765 2684 1832 architectus
2738 1765 2890 1833 fuit.
2993 1763 3195 1849 Cujus
3269 1765 3345 1829 sit
3401 1764 3523 1829 sta-

2002 1873 2128 1926 tua
2162 1861 2444 1948 equestis
2488 1865 2702 1948 partis
2753 1862 3027 1928 aversae
3053 1907 3073 1939 ‚
3150 1860 3527 1931 dubitatur.

2002 1958 2526 2044 Havercampus
2564 1959 2691 2024 esse
2747 1959 2922 2045 regis
2961 1958 3133 2021 Anci
3211 1958 3525 2042 conjicit,

2009 2057 2128 2139 qui
2160 2058 2389 2142 pontis
2441 2057 2691 2136 veteris
2754 2053 3014 2120 sublicii
3065 2051 3197 2116 fuit
3259 2065 3523 2118 auctor.

2005 2149 2347 2218 Denarius
2402 2152 2515 2215 hic
2565 2153 2813 2217 aetatis
2873 2148 2963 2214 est
3034 2150 3303 2214 mediae
3350 2152 3529 2213 inter

2008 2248 2538 2332 antiquissimos,
2576 2261 2642 2312 et
2667 2249 2853 2313 modi
2879 2246 3313 2323 recentioris;
3365 2265 3531 2316 nam

2004 2363 2145 2407 non
2182 2344 2460 2408 exhibet
2495 2357 2702 2429 caput
2735 2344 3078 2430 galeatum
3117 2343 3399 2421 alatum,
3459 2354 3530 2405 et

2007 2435 2161 2499 sistit
2195 2451 2423 2503 tamen
2457 2451 2691 2503 notam
2727 2443 2785 2504 X
2813 2488 2832 2515 ‚
2889 2460 3093 2524 quam
3131 2453 3323 2503 aetas
3354 2437 3523 2501 Cae-

2011 2529 2268 2597 saribus
2319 2534 2550 2599 vicina
2588 2554 2674 2597 ex
2721 2537 2941 2598 numis
2965 2540 3109 2619 jam
3162 2536 3410 2621 exegit.

2750 2629 2783 2663 t

2928 2679 2961 2715 ff

2006 2679 2604 2811 Panum-Lepid&

2108 2821 2388 2886 Paullus
2436 2832 2505 2885 et
2559 2823 2863 2909 Lepidus
2952 2821 3203 2911 singula
3261 2822 3537 2892 fuerunt

2011 2937 2391 3007 cognomen
2450 2923 2667 3004 gentis
2723 2922 3105 3009 Aemiliae„
3180 2924 3274 2986 At
3322 2922 3535 2988 habe-

2010 3035 2163 3081 mus
2199 3034 2287 3078 ex
2313 3010 2643 3081 historicis
2678 3019 2887 3081 etiam
2935 3018 3248 3084 Paullum
3304 3020 3537 3085 Aemi-

1870 3154 1874 3159 ·
2009 3114 2182 3177 lium
2227 3109 2609 3196 Lepidum,
2675 3113 2761 3178 fic
2828 3126 2905 3178 ut
2959 3116 3260 3199 ejusdem
3312 3118 3533 3199 gentis

2014 3227 2396 3296 cognomen
2438 3210 2508 3272 in
2578 3230 2995 3295 praenomen
3075 3211 3349 3276 cess'erit.
3462 3212 3537 3277 Si

2012 3325 2182 3372 vera
2216 3317 2555 3369 memorat
2586 3302 2868 3371 Fulvius
2894 3306 3195 3392 vrflnus‚
3219 3314 3274 3388 θ)
3326 3308 3537 3377 Pau!-

2013 3404 2114 3469 Ζω-
2150 3397 2426 3485 Lepidus
2460 3401 2802 3487 adoptatus
2845 3424 2886 3468 a
2926 3412 3116 3487 patre
3173 3407 3274 3470 M.
3315 3404 3545 3491 Lepidi

2013 3500 2104 3564 II
2100 3499 2267 3563 Iviri
2280 3497 2421 3582 fuit
2441 3547 2462 3580 ‚
2513 3506 2574 3561 et
2603 3518 2683 3562 ex
2713 3497 2981 3563 Aemilio
3027 3498 3247 3563 PauHo
3280 3502 3543 3569 Pauoeas'

2015 3593 2329 3660 Aemilius
2389 3592 2667 3677 Lepidus
2714 3594 2916 3659 dictus
2971 3596 3068 3681 gli.
3199 3593 3547 3660 Nimirum

2020 3709 2176 3753 cum
2201 3700 2273 3752 et
2302 3687 2640 3772 adoptans
2667 3700 2736 3752 et
2758 3691 3129 3775 adoptatus
3162 3707 3250 3752 ex
3290 3691 3545 3755 eadem·

2019 3795 2218 3872 gente
2248 3781 2551 3846 Aemilia
2580 3783 2803 3863 essent,
2853 3784 3129 3848 Paullus
3162 3786 3541 3872 adoptatus

2017 3880 2445 3945 Aemilianus
2489 3879 2625 3944 dici
2660 3888 2797 3945 non
2846 3882 3108 3968 potuit,
3159 3880 3267 3945 sed
3305 3902 3391 3947 ex
3421 3882 3547 3950 suo·

2018 3976 2249 4057 Paulli
2282 3977 2687 4061 cognomine
2720 3997 3137 4063 praenomen
3179 3975 3387 4063 fecit,
3439 3981 3541 4045 di-

2022 4086 2305 4160 ctusque
2353 4072 2537 4137 adeo‘
2568 4070 2703 4139 fuit
2733 4075 3012 4141 Paullus
3046 4075 3379 4140 Aemilius
3411 4076 3543 4142 Le-

2020 4171 2247 4258 pidus.
2400 4162 2776 4237 Verisimile
2861 4170 3074 4249 istud,
3126 4170 3240 4235 sed
3280 4175 3544 4239 utinam

2023 4268 2385 4331 accederet
2455 4286 2727 4351 quoque
2785 4269 3192 4333 auctoritas.
3305 4268 3542 4339 vrfino

2024 4362 2323 4430 consona
2359 4361 2586 4426 scribit
2627 4377 2696 4428 et
2718 4365 3018 4452 Pighius.
3071 4352 3127 4450 t)

2322 4616 2378 4684 e)
2411 4613 2488 4670 de
2525 4633 2679 4673 uum.
2717 4614 2860 4670 ωιιῐ.
2896 4634 2953 4689 p.
2992 4634 3066 4671 ιι.
3097 4618 3223 4687 560.

2126 4682 2866 4759 &Anu-lelpm
3397 4618 3565 4729 dh·-
