4175 5450
677 597 816 672 ι74»
1582 577 2200 657 CLOVLIA.

664 784 894 863 versus
944 785 1254 873 Pompeii
1323 787 1578 851 liberos
1656 786 1730 848 in
1798 783 2200 870 Hispaniam

671 1001 819 1052 ctos
865 984 1181 1069 reliquit,
1234 993 1309 1045 ut
1347 982 1648 1046 diximus
1701 982 1768 1043 in
1815 990 2010 1063 gente
2070 978 2226 1044 Ce-

671 1081 835 1161 stia,
889 1102 975 1144 ex
1017 1099 1306 1166 quorum
1348 1097 1630 1141 numero
1675 1075 1867 1144 fuiss‘e
1920 1072 2198 1141 C.c10.

669 1182 858 1246 vium
893 1176 1206 1263 praesens
1241 1193 1480 1238 numus
1515 1174 1739 1238 docet.
1845 1172 2036 1235 Haec
2062 1174 2201 1236 Ha-

668 1293 1103 1358 vercampuS.
1204 1273 1514 1336 Atenim
1579 1268 1894 1334 universa
1953 1268 2203 1334 horum

637 1390 1034 1438 -numorum
1103 1369 1287 1432 ratio
1335 1368 1616 1431 dubium
1690 1364 1906 1443 facit,
1997 1365 2202 1430 smine

671 1480 954 1533 moneta
985 1464 1172 1528 urbis
1209 1464 1532 1551 putandi3
1588 1465 1679 1528 ad
1707 1463 1881 1527 haec
1901 1462 2200 1528 aliorum

667 1565 860 1634 urbis
899 1559 1409 1650 praefectorum
1452 1563 1636 1636 numi
1685 1556 1992 1647 argentei
2026 1559 2195 1638 sunt,

667 1661 838 1750 quin
870 1673 939 1727 et
978 1660 1218 1742 aurei,
1266 1658 1340 1725 hi
1417 1657 1676 1728 nonnifi
1730 1657 1950 1726 aenei.
2080 1660 2197 1724 Vi-

2303 575 2904 676 COCCEIA.

2281 784 2527 854 dentur
2557 782 2737 850 adeo
2791 781 3094 867 ejusdem
3156 780 3285 846 effe
3346 784 3645 868 generis,
3704 803 3809 854 cu·

519 925 528 932 ·
665 883 1018 979 profectus
1070 885 1300 973 plures
1340 886 1607 950 Romae
1651 902 1778 969 pro
1816 881 1880 945 se
1931 881 2199 966 praefe·
2275 884 2383 965 jus
2415 880 2561 944 sunt
2596 882 2785 945 numi
2837 881 3032 945 aenei
3061 877 3489 966 Sempronii,
3540 879 3809 961 Bibuli,

2283 978 2498 1064 Oppii
2538 976 3043 1064 praefectorum
3083 976 3313 1040 classis
3360 978 3459 1040 Μ.
3504 980 3801 1058 Antonii,

2284 1096 2708 1160 quorumque
2742 1078 2929 1142 numi
2961 1073 3147 1137 haud
3191 1071 3396 1140 dubie
3457 1086 3657 1140 extra
3702 1096 3805 1138 ur-

2280 1171 2439 1240 bem
2482 1172 2716 1259 [ignati
2754 1171 2915 1238 sunt.
3020 1167 3338 1233 Clovium
3372 1171 3550 1236 hunc
3588 1172 3679 1235 ab
3719 1172 3805 1236 0-

2282 1272 2608 1334 ctaviano
2653 1270 2828 1333 inter
2866 1266 3251 1334 consulares
3291 1267 3580 1332 relatum
3625 1271 3705 1335 V.
3730 1266 3804 1332 O.

2290 1386 2425 1450 725
2468 1368 2682 1431 tradit
2712 1367 2874 1432 Dio,
2927 1368 2990 1450 ⁸)
3107 1363 3278 1428 Pars
3334 1367 3568 1431 antica
3655 1386 3806 1430 con-

2283 1482 2469 1530 nexa
2504 1462 2693 1528 fimul
2727 1484 2878 1529 cum
2921 1461 3161 1527 aversa
3213 1474 3473 1528 certam
3497 1460 3646 1526 fistit
3680 1461 3807 1525 Mi-

2280 1580 2565 1625 nervam
2601 1560 3066 1647 Nicephoram
3091 1606 3109 1637 ‚
3162 1558 3248 1628 de
3285 1580 3422 1648 qua
3455 1560 3713 1650 egimus
3739 1561 3813 1624 in

2280 1670 2564 1726 moneta
2605 1655 3131 1726 Atheniensium.

1832 1875 2634 2056 oLoVLIA

647 2137 656 2152 ’
761 2145 950 2213 Gens
981 2146 1324 2235 patricia,
1378 2167 1539 2214 nam
1578 2146 1667 2211 T.
1712 2142 2052 2211 Cloelium
2095 2147 2198 2212 Si·
2278 2159 2425 2212 tum
2458 2167 2598 2213 non
2634 2146 2967 2214 deiiderat
2993 2196 3015 2230 ‚
3063 2167 3284 2233 neque
3330 2119 3481 2234 psus
3510 2144 3810 2215 tribuen-

573 2289 582 2295 -
666 2247 894 2313 culum
931 2247 1106 2314 inter
1141 2257 1280 2309 tres
1315 2246 1648 2333 patricios
1694 2257 2007 2310 numerat
2085 2245 2197 2310 Li·

664 2345 860 2420 vius,
915 2345 1035 2425 qui
1084 2344 1169 2406 V.
1224 2340 1300 2406 C.
1346 2363 1491 2428 309
1545 2341 1802 2406 tribuni
1866 2342 2199 2408 militares

667 2458 798 2525 pro
834 2439 1215 2506 consulibus
1260 2439 1430 2505 facti
1476 2438 1670 2517 sunt,
1721 2441 1808 2504 de
1861 2459 1997 2523 quo
2051 2439 2201 2525 lege

670 2536 1091 2601 differentem
1141 2535 1468 2601 Vrsinum.
1573 2540 1666 2600 At
1727 2534 1974 2604 Cloehi
2025 2539 2200 2601 anti·

671 2632 901 2717 quitus
940 2634 1105 2696 dicti
1152 2633 1296 2698 sunt
1334 2632 1612 2700 Cloulii.

960 2731 1162 2817 Caput
1194 2732 1477 2798 Palladis
1516 2735 1778 2813 alatum,
1828 2732 2008 2819 infra
2042 2730 2198 2795 Ro.

860 2876 866 2885 .
961 2830 1131 2895 MA.

665 2923 756 2989 T.
793 2922 1161 2989 CLOVLI.
1223 2925 1519 2990 Victoria
1552 2928 1622 2990 in
1650 2927 1801 2991 citis
1842 2924 2053 3011 bigis,
2101 2926 2198 2990 in·

652 3020 784 3106 fro
803 3023 1034 3109 spicae.
1136 3022 1286 3086 AR.
1345 3020 1423 3089 C.

959 3117 1164 3201 Caput
1211 3119 1431 3192 Iovis,
1479 3120 1550 3184 in
1577 3138 1754 3187 area
1808 3123 2032 3187 variae
2096 3118 2196 3187 al-

959 3213 1220 3298 phabeti
1253 3217 1488 3279 literae.

667 3313 757 3377 T.
783 3309 1147 3375 CLOVLl.
1208 3313 1503 3379 Victoria
1522 3326 1846 3402 tropaeum
1863 3334 2196 3395 coronans,

663 3404 844 3496 infra
888 3406 972 3490 Q.
1075 3406 1277 3491 Qum.
1347 3407 1426 3476 c,

762 3505 1106 3577 Denarius
1152 3509 1401 3575 veteris
1458 3510 1844 3597 argumenti
1889 3509 2207 3599 explica-

2281 2245 2448 2318 dum
2477 2246 2835 2332 quinario,
2890 2248 3007 2332 qui
3053 2248 3366 2331 utrinque
3417 2243 3618 2310 offert
3706 2259 3808 2332 ty·-

2281 2361 2413 2427 pos
2453 2343 2779 2426 quinariis
2834 2344 3133 2433 imprimi
3175 2343 3431 2409 solitos.
3529 2343 3809 2407 Acutio-

2283 2458 2392 2502 res
2431 2440 2887 2528 Vaillantius,
2953 2454 3023 2506 et
3073 2441 3637 2525 Havercampus,
3688 2440 3805 2527 qui

2281 2548 2455 2621 typo
2497 2538 2853 2605 Victoriae
2914 2540 3005 2604 ad
3052 2537 3343 2602 relatam
3414 2538 3499 2601 de
3560 2537 3811 2603 Poenis

2282 2634 2355 2696 in
2391 2633 2629 2700 Sicilia
2665 2637 3069 2715 victoriam,
3118 2646 3291 2722 typo
3328 2635 3661 2721 spicarum
3714 2636 3811 2701 ad

2282 2730 2712 2801 feracitatem
2750 2734 3000 2799 msulae
3036 2734 3273 2799 adludi
3312 2732 3644 2804 censuere,
3696 2734 3807 2797 Li-

2282 2841 2473 2895 terae
2507 2829 2863 2914 alphabeti
2906 2831 3096 2896 aliud
3144 2850 3278 2893 non
3340 2830 3523 2906 sunt,
3601 2850 3813 2913 quam

2283 2924 2466 3011 figna
2498 2930 3059 2993 monetariorum.
3160 2926 3387 3009 Quam
3422 2929 3708 3011 turpiter
3739 2929 3813 2993 in

2280 3022 2388 3089 his
2422 3023 2847 3107 explicandis
2892 3023 3055 3111 lapfi
3115 3024 3236 3088 [int
3286 3012 3603 3108 Pighius,
3674 3037 3741 3088 et
3784 3073 3817 3107 a

2284 3120 2468 3204 quod
2514 3123 2729 3205 magis
2782 3114 3065 3200 mirere,
3132 3119 3578 3196 Vaillantius‚
3642 3121 3817 3187 alibi

2282 3216 2606 3284 diximus.
2705 3219 2799 3281 At
2834 3219 3239 3282 elementum
3269 3216 3331 3300 Q
3358 3218 3575 3329 partis
3614 3228 3813 3281 aver-

2280 3312 2434 3392 sae,
2489 3315 2816 3397 quoniam
2870 3317 3289 3379 invariatum
3360 3316 3431 3385 in
3491 3315 3819 3383 omnibus.

2283 3407 2420 3497 est,
2416 3410 2880 3497 Quinarium
2915 3413 3201 3481 indicat.

1858 3792 2631 3875 COCCEIA

760 3995 1084 4061 Fueritne
1115 3994 1435 4079 patricia,
1489 4016 1580 4060 an
1608 3995 1924 4084 plebeia,
1972 3998 2190 4062 incer·
2274 3997 2358 4061 L.
2395 3994 2893 4062 ANTONIVS.
2926 3992 3118 4065 COS.
3157 3995 3359 4084 Caput
3399 3995 3480 4065 L.
3522 3994 3817 4065 Antoren*

662 4100 830 4158 tum.
889 4093 1140 4158 Exhac
1167 4095 1421 4176 prodiit
1444 4090 2056 4167 CocceiusNerva‚
2077 4098 2194 4177 qui
2272 4095 2531 4162 nudum.
2626 4095 2782 4169 ΑΒ.
2837 4096 2923 4160 Β.
3514 4140 3527 4149 -

660 4191 1073 4271 Domitiano
1121 4189 1462 4254 successit
1509 4190 1905 4278 Cognomen
1944 4193 2188 4259 Nerva.

955 4291 1063 4356 M.
1112 4287 1330 4350 ANT.
1385 4288 1572 4352 lMP.
1625 4287 1837 4352 AVG.
1907 4288 2197 4352 lllVlR.

2374 4286 2583 4354 Cusus
2629 4285 2718 4351 est
2766 4288 2877 4353 hic
2930 4288 3248 4354 denarius
3310 4289 3401 4364 V,
3478 4286 3555 4351 C.
3618 4306 3831 4376 713,

952 4388 1041 4452 R.
1073 4388 1154 4451 P.
1206 4382 1284 4447 C.
1335 4386 1436 4448 M.
1506 4384 1842 4449 NERVA.
1913 4385 2193 4469 PROQ.
2273 4406 2435 4455 nam
2486 4386 2621 4450 hoc
2658 4407 2843 4450 anno
2884 4387 2968 4451 L.
3010 4387 3345 4450 Antonius
3387 4383 3614 4449 consul
3654 4405 3835 4471 pro-

953 4485 1031 4549 P.
1088 4486 1292 4569 Caput
1327 4483 1427 4546 Μ.
1471 4481 1748 4548 Antonii
1778 4480 2040 4567 endunt·

722 4660 1327 4760 muntem>

2277 4482 2490 4548 cessit.
2588 4481 2763 4547 Cum
2797 4487 2866 4577 in
2897 4484 3179 4568 reliquis
3213 4483 3494 4549 dubium
3533 4500 3668 4546 non
3694 4503 3833 4547 ex-
