4175 5450
1586 467 2207 584 PLAVTIA.
2259 447 2356 524 ’-

348 699 579 767 Nemo
609 719 751 768 non
794 703 1033 784 videt,
1081 704 1343 770 factum
1398 703 1603 769 istud
1592 727 1746 793 per
1798 709 1863 772 se

347 797 506 860 leve
553 798 881 882 quidem,
902 819 1016 862 ac
1051 801 1304 886 leporis
1355 802 1559 886 plane
1600 800 1863 881 rustici,

347 890 465 955 sed
500 895 685 976 quod
718 896 1047 957 Romanis
1082 894 1458 961 instituendi
1492 889 1866 975 novifesti,

343 1004 592 1074 nempe
635 990 1154 1072 quinquatruum
1194 992 1557 1070 minorum,
1609 992 1863 1056 occafi.

346 1101 552 1146 onem
624 1083 854 1161 dedit,
935 1105 981 1148 a
1071 1084 1487 1170 posterorum
1536 1089 1863 1172 quodam

338 1177 661 1254 Plautii,
704 1180 821 1263 qui
904 1181 1014 1244 hic
1059 1182 1147 1244 ab
1213 1181 1469 1246 Ovidio
1535 1181 1863 1264 fabulae,

306 1283 421 1334 'et
453 1269 791 1340 restitutae
850 1277 1041 1360 pacis
1106 1289 1344 1363 auctor
1386 1278 1704 1354 dicitur,
1792 1265 1865 1339 in

342 1383 557 1432 numo
608 1368 737 1431 ess'e
785 1369 1319 1455 fignatum.1n
1401 1373 1640 1437 aversa
1693 1383 1865 1457 typo

3329 529 3474 601 ⁸7⁴?

1945 709 2287 885 {lomerps
2354 702 2684 791 expressis
2727 719 3088 793 praeterea
3165 711 3463 775 nomini-

1993 822 2110 867 us·
2161 809 2188 841 ‘
2307 825 2313 830 ·

2043 999 2306 1074 Λαμπον
2351 1011 2454 1056 και
2502 992 2842 1071 <bassan-93
2915 987 3029 1059 ὁπ’
3076 1000 3206 1061 Heu
3258 949 3458 1065 τιτωλιιιΙ

2040 1182 2349 1267 Lampsum
2374 1188 2434 1245 et
2449 1175 2465 1230 ³
2447 1178 2913 1267 Phaethonta,
2980 1111 3456 1269 ᾳιιῗζῖκινοναα

2695 1283 2728 1344 .’
2814 1278 2951 1367 equi
2988 1277 3262 1362 ducunt,

330 1464 661 1528 Aurorae
699 1475 965 1551 tempus
1004 1467 1400 1552 designatur,
1455 1488 1590 1551 quo
1626 1486 1869 1533 revera
1945 1483 2089 1534 tum
2123 1480 2192 1532 et
2223 1465 2396 1553 bigis
2445 1481 2715 1532 vectam
2758 1466 3015 1536 [innato
3065 1489 3191 1556 per
3247 1425 3458 1557 caput

344 1555 582 1642 lepida
633 1556 915 1624 fabulae
957 1561 1381 1648 catastrophe
1450 1561 1863 1648 peractafu·

346 1652 437 1730 it,
481 1656 798 1737 quodque
830 1669 1025 1722 vates
1058 1658 1394 1722 vocabulo
1415 1680 1595 1726 mam
1628 1660 1869 1737 innuit,
1946 1660 2232 1746 gemmis
2266 1658 2630 1732 veteribus

332 1760 421 1820 ‚et
451 1754 749 1837 apertius
787 1753 1053 1832 Livius,
1106 1757 1222 1838 qui
1256 1753 1516 1819 factum
1554 1754 1721 1819 istud
1761 1754 1863 1818 fa·

343 1857 490 1910 cete
532 1860 804 1912 narrat:
856 1856 913 1930 ³¹)
963 1870 1069 1915 nec
1118 1853 1305 1934 prius
1341 1852 1613 1938 suffere,
1676 1870 1865 1938 quam

333 1942 631 2031 plaustris
670 1944 741 2007 iu
756 1943 777 1992 ἶ
792 1944 946 2025 foro
1002 1948 1243 2012 relictio
1280 1948 1498 2033 plenos
1572 1948 1866 2033 crapulas

343 2059 448 2103 eos
482 2038 616 2104 LV
611 2039 689 2104 X
714 2045 958 2131 opprgff
937 2052 1007 2107 t
1113 2045 1282 2108 Tum
1315 2044 1641 2131 conant-sus
1659 2063 1859 2128 popm

341 2134 389 2195 h·
412 2133 633 2217 sactus
677 2144 790 2202 etc.
891 2138 1065 2201 Vide
1129 2140 1335 2201 etiam
1401 2139 1560 2212 Val.
1620 2140 1860 2202 Maxi·

338 2248 548 2291 mum.
600 2217 668 2308 b)

439 2325 587 2386 Iam
631 2324 832 2408 igitur
869 2323 1084 2388 facies
1123 2330 1336 2409 partis
1371 2327 1693 2390 adversae
1711 2347 1857 2412 per·

341 2420 505 2483 sona
532 2418 621 2483 est
649 2420 737 2482 ab
779 2418 1035 2483 Ovidio
1075 2434 1497 2498 memorata,
1551 2442 1726 2505 quae
1749 2442 1858 2486 ca·

338 2527 464 2599 put
490 2513 822 2578 Medusae
848 2514 973 2577 eise
994 2516 1250 2598 nequit,
1289 2515 1417 2590 ‚nisi
1459 2518 1855 2601 improprie,

342 2622 673 2695 quatenus
761 2609 1087 2674 Medusae
1155 2612 1373 2676 crines
1440 2611 1855 2697 serpentibus

338 2706 688 2770 horrentes
746 2716 1028 2795 propter
1064 2704 1370 2792 aspectus
1427 2707 1854 2772 atrocitatem

338 2800 636 2886 personis
675 2800 1053 2887 Gorgoneis
1116 2821 1363 2866 nomen
1427 2801 1692 2880 fecere,
1784 2818 1857 2866 ut

336 2896 676 2978 Hesychio
692 2916 933 2982 γοργεια
952 2895 1103 2958 dicu
1112 2909 1264 2960 ntur
1280 2916 1643 2984 προσωπεια,
1670 2919 1853 2963 nem·

335 3012 425 3076 pe
466 2992 535 3053 in
568 2991 817 3076 quibus
852 2989 1151 3054 effictum
1195 2993 1272 3057 fit
1316 2992 1653 3079 Gorgonis
1742 3014 1853 3059 ca·

338 3098 480 3172 put.
579 3087 966 3162 Personam,
1011 3085 1171 3148 licet
1213 3089 1302 3152 ab
1324 3088 1458 3155 hac
1494 3089 1849 3169 diversam,

340 3181 621 3245 exhibet
664 3184 871 3246 etiam
922 3181 1237 3247 denarius
1293 3187 1515 3270 gentis
1566 3185 1848 3264 Iuniae,

342 3277 629 3353 eadem,
679 3289 756 3339 ut
795 3277 1080 3360 opinor,
1132 3280 1216 3340 de
1261 3280 1502 3352 causa;
1552 3299 1711 3341 nam
1737 3300 1853 3343 an·

338 3389 463 3431 nus
496 3416 515 3447 ,
560 3390 706 3451 quo
742 3368 910 3432 istud
955 3374 1273 3455 contigit,
1324 3373 1577 3435 scilicet
1631 3376 1713 3434 V.
1773 3370 1850 3435 C.

343 3475 511 3549 443,
562 3462 899 3527 consulem
935 3460 1178 3527 habuit
1199 3464 1278 3530 C.
1317 3467 1587 3537 Iunium
1604 3465 1853 3528 Bubul·

288 3633 301 3639 -
339 3579 489 3622 cum
525 3606 544 3637 ,
598 3570 672 3621 ut
722 3558 1016 3621 diximus
1075 3559 1145 3623 in
1192 3559 1433 3641 numis„
1465 3561 1681 3645 gentis
1749 3560 1854 3622 Iu-

336 3656 492 3720 niae
531 3654 936 3718 Silanorum.
1036 3656 1291 3721 Aversa
1373 3653 1524 3719 sistit
1598 3666 1854 3719 certam

339 3758 677 3814 Auroram
715 3750 1001 3824 alatam,
1052 3763 1121 3815 et
1152 3764 1443 3837 quatuor
1474 3750 1622 3815 suos
1642 3770 1853 3836 equos

338 3846 536 3910 freno
570 3846 1028 3911 cohibentem.
1133 3846 1352 3913 Causa
1392 3842 1654 3913 alarum
1699 3866 1851 3909 eam

337 3941 698 4028 Euripides
730 3954 940 4007 vocat
990 3946 1390 4029 λευκοπτεραν
1418 3991 1438 4021 ,
1478 3942 1669 4031 ἱ(Μιεζε-
1733 3941 1857 4031 qlis

337 4039 691 4123 instructam
740 4086 761 4119 ‚
856 4033 922 4119 ⁶)
1040 4039 1394 4122 eidemque
1487 4037 1855 4120 quadrigas

339 4131 615 4208 tribuit,
670 4125 733 4215 ὅ)
786 4132 895 4196 effi
946 4133 1172 4211 idem,
1226 4134 1476 4216 aliique
1526 4133 1853 4215 In.equo·

341 4245 489 4288 rum
530 4248 811 4294 numero
844 4230 1131 4291 varient.
1229 4230 1439 4291 Binos
1476 4229 1538 4290 ei
1575 4227 1857 4310 largitur

402 4435 930 4513 a)L·1X·⁶·39·
1192 4430 1855 4508 b)12.11.c.5.§4..

334 4524 518 4600 Odyss.
557 4512 645 4573 Ψ.
684 4542 737 4579 v.
770 4528 885 4590 246.
952 4572 995 4607 e.

1948 1564 2154 1652 peplo
2220 1562 2418 1647 saepe
2493 1563 2924 1648 propositam
2990 1566 3302 1630 videmus
3380 1567 3458 1632 in

2728 1660 2943 1728 Alibi
3023 1661 3293 1723 unicum
3374 1659 3449 1723 il·

1942 1753 2007 1819 li
2032 1755 2333 1840 indulget
2403 1754 2803 1838 Euripides,
2884 1773 3038 1818 cum
3095 1760 3454 1835 μονοπωλον

1939 1851 2133 1918 iilam
2155 1897 2177 1928 ,
2225 1851 2299 1912 id
2333 1848 2464 1913 est:
2512 1870 2635 1915 uno
2684 1869 2836 1934 equo
2889 1859 3164 1925 vectam,
3216 1850 3450 1934 appel·

1940 1948 2041 2012 lat
2061 1991 2104 2024 ,.
2135 1947 2234 2022 (in
2275 1943 2514 2012 Oreste
2552 1966 2619 2009 ν.
2668 1941 3212 2024 1004.).et,uno
3271 1964 3448 2027 equo
3547 1941 3554 1952 ¹

1940 2053 2261 2116 contenta
2295 2039 2385 2105 est
2418 2041 2487 2104 in
2522 2059 2729 2103 numo
2784 2041 3124 2124 Aegyptio
3146 2086 3166 2116 ,
3250 2059 3453 2121 quem

1940 2140 2108 2203 olim
2148 2159 2236 2202 ex
2285 2136 2511 2206 museo
2567 2134 2900 2200 Caesareo
2953 2135 3192 2212 edidi,
3270 2136 3450 2216 adje-

1937 2248 2049 2297 cto
2119 2247 2478 2317 praeterea
2542 2236 2850 2296 Aurorae
2926 2231 3204 2296 nomine
3268 2232 3452 2294 Ηω.

1942 2328 2245 2413 (Sylloge
2276 2329 2333 2395 1.
2368 2348 2433 2412 p.
2495 2326 2648 2408 72.)
2716 2325 3136 2412 Lycppbron
3194 2325 3448 2410 Pegaso

1939 2434 2210 2486 vectam
2245 2421 2612 2485 contendit.
2652 2422 2757 2505 (in
2778 2421 3173 2484 Alexandra
3203 2441 3290 2488 v..
3311 2424 3448 2498 17.)

1936 2520 2128 2581 Idem
2169 2523 2475 2582 Aurorae
2500 2509 2993 2602 argumentum,
3045 2516 3448 2596 eodemque,

1936 2627 2011 2676 ut
2036 2614 2104 2675 in
2131 2605 2241 2676 his
2271 2613 2490 2675 numis
2511 2658 2530 2690 ,
2584 2613 2790 2674 modo
2827 2610 3240 2697 propositum
3263 2656 3282 2686 ,
3333 2627 3446 2671 ex·

1938 2707 2060 2772 stat
2095 2708 2161 2771 in
2190 2706 2421 2792 insigni
2490 2727 2799 2792 gemma,
2852 2727 3027 2790 quae
3078 2704 3209 2769 fuit
3281 2703 3448 2767 olim

1935 2805 2125 2867 ducis
2166 2802 2705 2880 Aurelianensis»,
2767 2801 2926 2865 Rufi
2996 2799 3442 2882 artificis-no·

1933 2900 2112 2961 mine
2152 2900 2418 2984 insuper
2448 2910 2705 2963 notata.
2763 2889 3128 2982 (Descript'.
3183 2897 3299 2959 des
3340 2894 3442 2979 pi-

1933 3014 2064 3065 err,
2106 3015 2295 3082 grav.
2337 2994 2422 3056 T.
2470 2993 2521 3055 1.
2562 3014 2625 3078 p,
2674 2990 2867 3074 195.)
2921 2990 3448 3075 Aliapraeterea

1929 3088 2238 3154 Aurorse
2284 3090 2352 3152 in
2385 3091 2606 3152 numis
2644 3088 2956 3172 permissa
2989 3086 3317 3151 attributa
3347 3086 3443 3148 vi·

1932 3186 2118 3249 dein
2153 3184 2468 3248 laudato.
2491 3204 2702 3249 numo
2761 3184 3150 3269 Aegyptio,
3222 3193 3290 3243 et
3373 3181 3444 3243 in

1927 3299 2140 3343 numo
2177 3280 2321 3343 divi
2371 3280 2437 3342 T
2441 3278 2691 3360 rnjam,
2765 3297 2964 3359 quem
3029 3279 3100 3340 in
3163 3289 3443 3343 moneta

1932 3360 2222 3454 Traiani
2257 3392 2738 3458 proponemus

2031 3468 2246 3546 Hujus
2300 3469 2559 3531 denarii
2596 3466 2779 3531 aliud
2822 3434 3045 3531 adhuc
3083 3461 3174 3527 est
3245 3469 3443 3530 meri·

1931 3574 2101 3638 tum,
2155 3561 2338 3643 quod
2370 3582 2602 3629 veram
2631 3560 2854 3645 Pighii
2889 3558 3248 3623 lectionem
3283 3578 3440 3623 con·
3445 3558 3454 3565 ’

1933 3654 2202 3733 firmat,
2257 3658 2369 3740 qui
2411 3658 2481 3718 in
2520 3657 2754 3720 Ovidii
2797 3652 2969 3716 Fast.
3010 3652 3125 3719 VI.
3173 3674 3242 3716 v.
3300 3657 3438 3735 685

1930 3750 2290 3836 legendum
2331 3765 2511 3815 recte
2547 3751 2761 3815 censet
2799 3750 3129 3827 Plautius,
3183 3768 3335 3811 cum
3373 3751 3442 3812 in

1930 3842 2065 3911 lioc
2107 3846 2448 3925 vocabulo
2490 3849 2751 3912 varient
2791 3847 3100 3924 codiceS,
3156 3865 3443 3929 quorum

1932 3940 2053 4005 alii
2118 3944 2259 4023 ja‘m
2341 3942 2635 4020 Callidus,
2682 3945 2824 4025 jam
2905 3942 3204 4021 Cautius,
3301 3946 3442 4022 jam

1935 4037 2230 4103 Claudius
2269 4038 2675 4124 praeferunt.
2776 4038 3004 4103 Verba
3040 4037 3331 4113 Callidus,
3375 4049 3443 4100 et

1935 4132 2202 4199 Cautius
2241 4132 2488 4199 sensum
2523 4140 2977 4217 corrumpunt.
3077 4137 3236 4196 Vox
3266 4130 3441 4203 Clau?

1932 4228 2076 4294 dius
2107 4228 2379 4292 veritati
2416 4228 2767 4293 historicae
2807 4228 3232 4306 adversatur,
3285 4249 3445 4293 uam

2052 4436 2107 4502 r.)
2141 4437 2202 4489 in
2237 4432 2448 4491 Tmad.
2486 4452 2537 4489 v.
2575 4442 2726 4499 848.-
2962 4433 3017 4499 d)
3051 4433 3306 4517 {bi-<1414
3329 4445 3452 4509 8⁵5·

3501 2782 3542 2811 Ο
