4175 5450
695 649 786 718 9⁰
1734 605 2785 687 PROLEGOMENA

694 833 927 893 tuntur
964 838 1051 883 ex
1088 812 1426 879 viciniore
1474 821 1749 894 aetate,
1819 819 1888 874 et
1945 811 2224 876 veritati
2305 811 2449 898 gis,
2504 822 2570 875 et
2603 807 3000 898 Iugurtham
3040 807 3369 886 vinctum,
3423 829 3602 894 quae
3640 809 3834 880 fuere

693 917 1054 988 historicae
1101 910 1321 996 magis
1358 908 1629 986 amica,
1678 919 1753 972 ut
1806 926 1961 971 cum
2018 908 2221 973 Man·
2303 909 2520 994 patris
2553 907 2782 972 Sullae
2840 907 3103 971 laudes,
3207 905 3404 988 Quae
3442 905 3637 973 facta
3685 911 3833 975 illu-
3942 963 3951 968 .

693 1019 773 1084 lii
811 1010 1153 1097 Torquati
1191 1008 1259 1071 in
1345 1005 1568 1068 numis
1605 1017 2019 1091 proponunt
2083 1015 2220 1068 tor·
2309 1003 2465 1067 stria
2499 1025 2654 1088 cum
2705 1026 2792 1068 ex
2839 1016 3029 1069 certa
3086 1000 3367 1066 historia
3420 1004 3835 1093 deprompta

698 1115 901 1201 quem
924 1157 945 1187 ‚
997 1101 1314 1173 Marcelli
1343 1104 1583 1166 Iovem
1611 1101 1988 1164 Feretrium
2012 1149 2033 1180 ‚
2087 1099 2223 1164 Ae·
2307 1099 2467 1180 lint,
2522 1101 3021 1172 fidemcertam
3061 1099 3404 1178 obtinent,
3461 1121 3684 1186 eoque
3721 1105 3834 1169 de.

697 1209 870 1278 milii
892 1193 1232 1291 Lepidum
1266 1213 1564 1288 tutorem
1609 1199 1789 1283 regis
1817 1197 2225 1276 Ptolemaei,
2304 1197 2562 1262 lectant
2588 1193 2805 1286 magis
2829 1241 2849 1277 ‚
2903 1197 3087 1282 quod
3111 1244 3133 1274 ,
3179 1215 3362 1280 quae
3393 1201 3704 1266 narravit
3738 1200 3837 1265 hi.

695 1302 976 1376 Faustue
1023 1311 1232 1387 caput
1271 1295 1535 1364 Bocchi
1591 1294 2046 1360 Numidarum
2113 1314 2225 1358 re-

1863 1589 1902 1614 l

2308 1291 2548 1375 floria,
2602 1295 2820 1362 oculis
2862 1295 3049 1384 picta
3091 1292 3448 1377 objiciunt.

1645 1801 2389 1982 cAp'vT
2618 1877 2882 1984 ΧΠΙ.

1651 2350 1754 2420 De
1801 2354 1970 2441 typis
2014 2372 2154 2419 cum
2199 2345 2503 2438 adinstone
2550 2345 2640 2413 ad
2681 2366 2921 2414 nomen.

708 2624 894 2719 Non
929 2664 1090 2713 raro
1120 2645 1192 2710 in
1228 2644 1361 2709 ha‘c
1393 2655 1755 2707 numorum
1797 2642 1997 2707 claffe
2044 2642 2236 2709 vide·

710 2767 863 2815 mus
895 2794 916 2826 ,
968 2745 1056 2810 ab
1097 2745 1223 2821 iia,
1265 2743 1407 2827 ‘qui
1458 2761 1577 2806 eos
1625 2738 1977 2805 feriundos
2031 2760 2235 2806 cura-

709 2864 875 2911 vere
899 2889 921 2921 ‚
971 2843 1080 2905 seu
1114 2850 1267 2902 toto
1295 2850 1469 2923 typo
1500 2882 1519 2915 ,
1572 2836 1682 2900 seu
1734 2836 1946 2920 figillo
1998 2837 2237 2920 aliquo

712 2939 1019 3005 solitario
1041 2936 1131 3000 ad
1149 2933 1459 2999 familiae
1486 2952 1734 2996 nomen
1770 2930 2032 3011 adludi,
2052 2931 2243 3017 quod

714 3038 874 3101 sane
915 3052 1088 3095 unus
1130 3029 1434 3094 urbanus
1469 3033 1660 3110 jocus
1726 3030 2056 3114 leporque
2095 3027 2239 3091 sua·

714 3133 868 3197 serit
892 3176 912 3207 ,
964 3128 1247 3215 perinde
1278 3137 1486 3211 atque
1512 3127 1581 3188 in
1631 3123 2002 3188 Plutarcho
2068 3124 2240 3210 legi-

716 3212 911 3303 mue,
961 3222 1025 3307 ⁸)
1077 3221 1480 3287 Ciceronem
1514 3221 1786 3284 Siciliae
1818 3219 2240 3304 quaestorem

719 3326 904 3389 dono
951 3332 1276 3405 argenteo
1303 3366 1323 3398 ,
1372 3319 1563 3403 quod
1600 3319 1732 3382 diis
1800 3317 2239 3383 dedicaturus

718 3432 908 3498 erat,
952 3418 1194 3505 priora
1219 3417 1361 3481 duo
1404 3414 1687 3479 nomina
1720 3414 1822 3480 M.
1872 3413 2105 3479 Tullius
2144 3416 2240 3479 in·

720 3514 960 3593 scribi,
1012 3525 1081 3576 et
1103 3516 1302 3594 juxta
1337 3511 1519 3576 cicer
1574 3511 1853 3598 insculpi
1924 3512 2179 3575 curass'e
2217 3560 2241 3596 ,

721 3613 907 3700 quod
997 3609 1156 3674 ess'et
1192 3611 1344 3675 vice
1389 3609 1816 3695 cognominis
1901 3608 2239 3676 Ciceronis.

721 3710 987 3774 Eodem
1026 3709 1241 3771 modo
1283 3704 1531 3770 Graeci
1572 3726 1846 3793 quoque
1904 3706 1976 3768 in
2019 3708 2244 3799 numia

605 3800 614 3807 ’
722 3807 852 3870 suis
934 3823 1074 3867 non
1129 3803 1404 3888 quidem
1447 3802 1539 3867 ad
1581 3804 1864 3868 nomina
1945 3803 2246 3890 inscripti

724 3895 1199 3989 magistratus}
1250 3899 1362 3963 sed
1391 3900 1692 3985 ipsarum
1740 3901 2010 3965 urbium
2046 3900 2246 3986 saepe

597 3992 604 3999 ⁴
726 3997 1056 4064 adlusere.
1159 3996 1269 4061 Sic
1313 3995 1668 4061 Selinuntii
1708 3997 1983 4062 Siciliae
2037 3998 2110 4061 in
2160 3997 2245 4059 iis

727 4095 1065 4159 finxerunt
1111 4090 1355 4158 folium
1423 4092 1606 4177 felini
1630 4140 1650 4172 ,
1709 4094 1995 4158 sidetes
2049 4095 2249 4155 Pam·
2336 4116 2341 4123 ·

2320 2636 2604 2706 Graecis
2646 2644 2849 2722 κλεις,
2903 2639 3099 2705 Melii
3135 2637 3519 2728 Cycladum
3559 2645 3855 2727 malum,

2319 2751 2526 2825 atque
2573 2735 2740 2804 istud
2786 2741 2965 2804 adeo
3008 2738 3255 2819 securi,
3307 2754 3380 2806 ut
3426 2745 3632 2831 saepe
3668 2745 3858 2811 urbis

2320 2834 2667 2898 mentione
2701 2833 3130 2916 abstinerent,
3182 2838 3342 2903 satis
3384 2862 3537 2905 eam
3585 2841 3731 2906 hoc
3761 2844 3864 2906 lu·

2320 2929 2391 2994 su
2425 2930 2801 2996 indicatam
2833 2930 3288 2999 existimantes
3309 2983 3329 3015 ,
3382 2949 3455 3001 ut
3483 2936 3720 3003 feciss‘e
3748 2938 3864 3003 ci·

2320 3045 2637 3099 ceronem
2682 3029 3003 3094 vidimus,
3137 3031 3323 3119 Quin
3363 3045 3430 3098 et
3486 3035 3554 3098 in
3632 3038 3865 3100 numia

2321 3122 2538 3188 infimi
2592 3125 2753 3189 aevi
2793 3125 3045 3190 Leonis
3083 3128 3136 3191 Ι.
3188 3131 3361 3217 Aug.
3411 3143 3584 3217 typo
3637 3132 3866 3221 leonis

2323 3221 2416 3283 ad
2452 3240 2701 3285 nomen
2723 3222 3040 3287 adlul‘um
3090 3221 3202 3293 est.
3337 3228 3528 3291 Idem
3617 3229 3868 3294 hodie·

2323 3337 2454 3403 que
2497 3317 2566 3380 in
2615 3317 2810 3382 scutis
2858 3319 3193 3384 nobilium
3263 3321 3571 3388 obtinere
3651 3345 3867 3390 nemo

2321 3412 2450 3492 est,
2504 3415 2620 3500 qui
2656 3415 2957 3502 ignoret,
3012 3436 3188 3501 quae
3229 3431 3603 3505 propterea
3682 3421 3874 3487 Galli

2323 3531 2530 3578 armes
2591 3513 2930 3598 parlantes
3015 3517 3381 3579 commode
3479 3520 3870 3606 appellant.

2322 3609 2425 3673 En
2454 3609 2701 3673 harum
2746 3611 2816 3674 in
2872 3611 3093 3676 numia
3132 3612 3601 3698 praesentibus
3668 3636 3874 3706 prae·

2324 3706 2534 3792 cipua
2581 3707 2902 3803 exempla
2926 3729 2948 3772 ε

2422 3895 2692 3963 Mallem·
2740 3898 2954 3984 capiti
2986 3900 3272 3966 Virtutis
3332 3899 3754 3993 imminens,
3806 3907 3879 3971 in

2326 3992 2642 4058 Publicio
2694 3995 3006 4063 Maffeolo.
3072 4074 3080 4081 1

2428 4090 2724 4155 Malleus
2760 4091 3038 4158 alterius
3070 4093 3386 4182 formae,
3434 4098 3664 4163 dictus
3705 4098 3880 4167 Ace·-

732 4187 1013 4281 phyliae
1055 4191 1311 4254 malum
1347 4190 1677 4255 Punicum
1699 4237 1720 4267 ‚
1772 4187 2056 4254 Graecis
2086 4187 2247 4271 σιδη,
2308 4186 2559 4275 stulu-r,
2608 4189 2677 4252 in
2714 4191 2996 4254 Valerio
3034 4192 3343 4282 Auscuto.

735 4285 1065 4354 Cardiani
1095 4287 1442 4352 Thraciae
1480 4307 1639 4366 cor,
1692 4284 1975 4350 Graecis
2005 4284 2251 4369 καρδια,

737 4385 966 4452 Clidea
1028 4384 1282 4448 insulae
1329 4381 1566 4470 Cypro
1615 4384 1880 4449 vicinae
1951 4382 2248 4461 clavim,

782 4672 864 4763 ·a)
899 4696 1035 4749 Vita
1070 4693 1247 4755 cioex‘
1277 4688 1376 4744 tub
1409 4693 1528 4744 init.

2427 4276 2628 4363 Flos,
2680 4287 2751 4350 in
2808 4287 3112 4371 Aquillio
3159 4290 3381 4357 Floro·
3494 4246 3501 4253 η

2424 4382 2552 4448 Pes
2586 4381 2921 4446 humanus
2947 4431 2966 4462 ,
3017 4385 3086 4449 in
3137 4386 3350 4497 Furio
3398 4387 3782 4480 Craffipede.
