4175 5450
1061 600 1243 725 A'D
1344 648 1646 759 NvM
1686 648 1844 727 os
1930 616 2855 743 FAMILIARVM.

436 850 503 915 Ia
529 851 690 925 udii,
796 848 1010 934 Huius
1047 847 1317 915 formae
1356 852 1696 919 elementa
1749 852 1919 941 pofi-

384 960 461 1011 ta
498 967 625 1033 pro
659 946 760 1027 L,
815 967 1059 1035 nempe
1096 959 1265 1012 nota
1297 952 1561 1014 numeri
1590 952 1919 1036 quinqua-

386 1045 690 1129 genarii,
744 1042 900 1108 satis
945 1043 1245 1129 probavi
1292 1046 1607 1112 Sectione
1639 1049 1694 1115 Ι.
1755 1068 1910 1135 cap.

781 1140 860 1204 In
893 1140 1191 1205 denariis
1224 1145 1336 1211 Ti.
1371 1141 1643 1209 Claudii
1679 1165 1913 1209 nume-

379 1138 680 1220 vl.§1.

3444 691 3535 760 79

2000 856 2086 920 A.
2123 855 2277 923 XV.
2335 889 2432 908 —-
2485 858 2570 922 A.
2605 854 2915 923 CXXIII.
2952 859 3214 925 incerta
3249 810 3475 932 causa.

2104 955 2198 1017 Vt
2240 953 2481 1019 literae
2541 953 2885 1035 Graecae,
2936 954 3021 1020 fic
3058 970 3126 1020 et
3156 963 3418 1037 numeri
3457 963 3528 1027 iu

1998 1048 2108 1114 his
2141 1050 2363 1114 numis
2402 1050 2785 1135 habentur,
2836 1051 3039 1115 sedin
3071 1054 3265 1118 unius
3307 1060 3524 1143 gentis

1998 1146 2360 1227 Volteiae,
2413 1161 2520 1215 ux:
2571 1148 2648 1216 E.
2682 1150 2783 1218 113.
2821 1148 2970 1218 ΚΕ.
3020 1152 3156 1222 KZ.
3206 1153 3332 1225 ΞΒ.
3374 1157 3520 1223 OG.

262 1338 267 1343 -
378 1254 463 1303 to
512 1236 712 1324 saepe
754 1236 1154 1327 praefigitur
1204 1242 1316 1320 A,
1373 1253 1489 1309 utz
1541 1246 1632 1341 Α,
1680 1246 1767 1313 V.
1816 1276 1916 1295 --
1992 1254 2127 1310 etc.

1352 1694 2100 1855 CAPV‘T
2267 1698 2533 1836 vm.

2051 1969 2304 2002 nst·—

1172 2205 1275 2272 De
1320 2208 1486 2293 typis
1531 2207 1601 2272 in
1644 2207 1854 2272 naamis
1881 2203 2291 2292 familiarum
2336 2208 2406 2275 ae'n
2447 2227 2689 2296 genere.

376 2466 478 2560 In
518 2504 716 2556 tanta
754 2502 1112 2557 numerum
1148 2490 1353 2574 hujus
1409 2489 1638 2555 classis
1702 2489 1913 2576 copia
1994 2491 2184 2575 quod
2227 2494 2527 2557 maxime
2563 2492 3037 2580 observabant,
3089 2497 3224 2560 five
3265 2496 3336 2560 in
3358 2516 3514 2587 gen—

382 2609 429 2652 a
462 2602 570 2654 tot
605 2590 817 2653 variis
859 2586 1397 2675 magistratibus,
1450 2598 1518 2651 et
1558 2607 1682 2673 per
1728 2588 1908 2649 vari-

379 2705 459 2751 as
498 2685 734 2751 causas
765 2684 1175 2773 signatorum
1210 2684 1464 2749 necess'e
1503 2683 1632 2765 est,
1684 2682 1907 2748 multi-

375 2784 592 2868 plices
626 2783 758 2846 ess'e
790 2796 1023 2869 typos.
1121 2784 1223 2846 Ea
1263 2782 1563 2846 varietas
1610 2780 1906 2845 habetur

376 2890 645 2944 tantum
687 2881 758 2943 iu
800 2881 1177 2965 argenteis,
1228 2897 1390 2942 nam
1448 2879 1646 2943 aenei
1697 2875 1903 2969 statos

380 2973 532 3039 suos
566 2988 775 3060 typos
821 2977 1111 3058 habent,
1165 2974 1230 3059 ⁸)
1315 2976 1506 3040 aurei
1546 2993 1768 3058 usque
1808 2973 1903 3037 ad

380 3071 438 3134 Ι.
474 3071 780 3138 Caesaris
816 3086 1116 3137 aetatem
1154 3076 1273 3137 vix
1300 3069 1577 3138 exstant.
1626 3062 1695 3153 b)
1746 3073 1901 3155 Ago

383 3182 613 3234 autem
653 3169 786 3233 hoc
824 3170 981 3234 loco
1021 3181 1286 3235 tantum
1330 3169 1416 3232 de
1463 3169 1799 3235 varietate
1831 3168 1903 3230 in

382 3268 568 3352 typis
604 3265 1067 3353 principibus,
1153 3287 1293 3331 non
1341 3268 1412 3329 in
1472 3265 1658 3352 typis
1723 3257 1900 3329 ἀδια-

383 3363 655 3454 Φοροιςῑ
686 3363 771 3424 de
796 3362 1039 3446 quibus
1077 3385 1164 3449 ag
1178 3381 1369 3426 emus
1408 3359 1610 3427 infra.

476 3457 648 3520 Pars
683 3460 938 3538 antica,
988 3470 1064 3522 ut
1100 3463 1171 3522 in
1199 3457 1617 3521 Graecorum
1656 3457 1904 3537 numis,

377 3548 759 3620 constanter
789 3564 997 3638 caput
1036 3553 1321 3636 aliquod
1380 3549 1581 3614 offert
1629 3549 1740 3612 seu
1783 3571 1900 3614 nu·

381 3648 628 3725 mima,
678 3647 788 3709 seu
821 3649 1051 3732 genii,
1100 3649 1212 3711 seu
1246 3648 1460 3733 κείς,
1510 3645 1618 3708 seu
1681 3645 1902 3729 perso-

380 3767 514 3814 nae
549 3743 930 3829 cujuspiam
956 3742 1221 3809 illustris
1241 3791 1260 3826 ‚
1312 3762 1474 3831 pars
1505 3740 1743 3806 aversa
1761 3761 1903 3806 om-

378 3848 485 3911 nis
516 3843 781 3930 generis
812 3855 1242 3927 argumenta.
1342 3841 1705 3927 Vtriusque
1742 3858 1897 3927 par-

380 3941 470 4008 tis
509 3939 661 4026 typi
716 3950 837 4003 aut
870 3941 1056 4025 capti
1101 3939 1244 4003 sunt
1294 3958 1383 4002 ex
1421 3938 1651 4001 indole
1705 3951 1900 4006 aeta-

382 4040 469 4104 tis
497 4072 525 4116 ‚=
571 4037 1149 4123 quemadmodum
1198 4034 1461 4099 denarii
1502 4034 1907 4102 vetustiores.

387 4149 610 4201 certos
659 4134 809 4198 suos
828 4132 1145 4197 habuere
1185 4146 1430 4220 typOS,
1482 4142 1557 4193 ut
1597 4131 1901 4197 dicemus

382 4232 597 4308 alias,
656 4243 776 4294 aut
829 4249 915 4293 ex
964 4230 1427 4315 temporibuS,
1504 4240 1579 4291 ut
1649 4229 1844 4292 Bruti
1883 4274 1904 4306 ‚

387 4327 646 4407 Cassii,
700 4339 766 4391 et
817 4330 1322 4407 conjuratorum
1386 4324 1570 4388 numi
1627 4325 1908 4389 liberta·-

387 4436 525 4487 tem
565 4435 800 4488 amant
840 4424 1266 4507 praedicare,
1318 4433 1436 4486 aut
1460 4440 1585 4507 pro
1622 4420 1905 4486 arbitrio

300 4535 317 4546 ’
387 4517 941 4604 magistratuum„
994 4521 1111 4602 qui
1152 4539 1270 4583 eos
1311 4518 1442 4582 five
1478 4518 1548 4580 in
1586 4518 1908 4595 numinis,

462 4729 520 4796 a)
555 4725 696 4779 Sect.
741 4727 786 4779 1.
823 4742 873 4786 e.
908 4727 986 4780 11.
1026 4727 1146 4797 §3-

1991 2590 2080 2651 tis
2116 2588 2274 2652 suae
2311 2588 2598 2675 gloriam
2662 2588 3174 2675 praescripsere.·
3285 2592 3513 2658 Multa

1990 2697 2397 2769 argumenta
2429 2684 2574 2750 suut
2600 2706 2782 2774 vaga
2802 2732 2823 2764 ,
2872 2704 3090 2773 neque
3117 2687 3368 2756 ‘causas
3406 2686 3513 2755 of-

1984 2781 2217 2847 ferunt
2261 2795 2527 2869 certas,
2580 2775 2697 2849 cur
2729 2783 2880 2862 hic,
2932 2783 3136 2850 illeve
3163 2782 3282 2862 ,his
3334 2784 3512 2872 poti·

1986 2899 2066 2944 us
2106 2881 2293 2967 typis
2333 2900 2502 2966 prae
2542 2882 2698 2945 aliis
2734 2880 2832 2943 uti
2867 2879 3187 2962 voluerit,
3240 2880 3306 2958 in
3332 2900 3511 2965 quae

1986 2979 2105 3062 qui
2142 2974 2462 3042 curiosius
2498 2977 2841 3064 inquirunt
2863 3024 2885 3057 ,
2934 2978 3173 3043 inanes
3206 2977 3507 3063 plerum-

1985 3095 2157 3159 que,
2213 3093 2294 3137 ac
2340 3073 2540 3159 saepe
2573 3073 2864 3160 frigidas
2926 3079 3353 3159 conjecturas
3417 3073 3513 3137 ad

1982 3171 2348 3258 legentium
2389 3168 2736 3235 fastidium
2763 3172 3157 3257 propinant.
3257 3171 3513 3234 Exem-

1982 3269 2103 3355 plo
2146 3266 2222 3330 fit
2268 3278 2474 3352 typus
2512 3268 2889 3340 Victoriae,
3028 3266 3342 3346 Constat,
3395 3266 3515 3331 Vi-

1985 3364 2277 3428 ctoriam
2342 3361 2533 3426 fuisse
2598 3364 2952 3448 proprium
3042 3365 3513 3450 quinariorum

1984 3473 2229 3546 typum
2260 3506 2280 3538 ,
2334 3458 2547 3522 etiam
2609 3457 2885 3542 quando
2944 3461 3240 3525 victoria
3288 3461 3514 3523 relata

1985 3575 2126 3618 non
2172 3552 2300 3633 est,
2354 3574 2441 3616 ex
2478 3573 2615 3638 quo
2654 3553 2818 3615 dicti
2873 3550 3067 3618 fuere
3114 3556 3511 3625 victoriati.

1990 3646 2268 3714 Constat
2352 3650 2607 3726 etiam,
2678 3645 2909 3710 stetiss'e
2970 3651 3259 3732 Romae·
3297 3652 3507 3714 aedes

1987 3745 2339 3809 Victoriae
2379 3743 2648 3826 sacras,
2700 3762 2987 3827 eamque
3027 3755 3164 3809 non
3201 3746 3268 3808 in
3323 3744 3536 3810 bello·

1979 3842 2232 3926 modo,
2280 3840 2394 3904 sed
2429 3851 2495 3903 et
2530 3858 2703 3926 pace
2753 3838 3224 3919 observatam,
3293 3860 3513 3925 neque

1978 3938 2195 4002 solum
2237 3937 2328 4002 ob
2373 3938 2814 4023 impetratum
2869 3935 3319 4021 beneficium,
3397 3938 3511 3999 sed

1984 4038 2197 4100 etiam
2235 4035 2601 4121 speratum.
2703 4032 2872 4115 Quis
2914 4035 3119 4121 igitur
3152 4046 3394 4120 typum
3436 4031 3508 4096 fi-

1987 4132 2221 4197 milem
2279 4132 2351 4197 in
2387 4149 2598 4202 numo
2643 4128 2959 4194 omnibus
2999 4131 3179 4195 notis
3219 4130 3508 4195 chrono-

1986 4228 2232 4313 logicis
2283 4224 2594 4292 destituto
2656 4226 2748 4289 ad
2830 4238 3085 4291 certam
3136 4229 3509 4312 ‚quandam

1988 4326 2354 4390 victoriam
2393 4323 2629 4406 aliqua
2647 4322 3054 4409 .veri'specie
3101 4325 3353 4409 poterit
3405 4345 3505 4387 re-

1987 4417 2225 4485 ferre?
2275 4419 2480 4486 Multi
2522 4418 2992 4503 deniquesunt
3034 4422 3183 4504 typi
3217 4439 3350 4482 non
3413 4418 3507 4482 sa-

1984 4519 2074 4582 tis
2117 4518 2250 4582 suis
2281 4514 2624 4582 attributis
2667 4515 2956 4595 discreti,
3006 4515 3191 4600 quod
3222 4517 3512 4602 cumpri-

1338 4725 1405 4792 b)
1433 4724 1576 4780 Sect.
1610 4724 1660 4779 1.
1696 4743 1743 4779 e.
1778 4726 1884 4790 1V,
1918 4725 1953 4795 ς
1992 4741 2043 4780 1.
