4175 5450
989 631 1237 711 ἈΒ
1337 620 1827 710 NVMOS
1928 619 2843 711 FAMILIARVM.

372 832 657 918 mirum,
708 851 795 898 ea
833 831 1366 922 ascriptoribus,
1417 854 1500 898 ac
1527 832 1899 921 praecipue

372 932 645 1016 poetis,
697 933 815 1016 qui
856 933 1358 1017 opulentiorum
1414 930 1765 995 fortunam
1811 931 1899 994 se·

376 1028 549 1090 etati
592 1027 841 1112 solent,
893 1029 1184 1114 publicis
1248 1030 1597 1094 literarum
1656 1047 1893 1092 monu-

371 1125 622 1188 mentis
655 1120 847 1189 fuiffe
887 1140 1299 1215 propagata.
1401 1126 1514 1191 Sic
1563 1124 1895 1190 Horatius

375 1220 855 1286 Maecenatem
907 1225 1286 1310 Tyrrhenis
1322 1222 1595 1310 regibus
1650 1223 1894 1289 inseru-

371 1315 465 1396 it,
518 1315 583 1393 ⁸)
634 1319 907 1385 Pisones
942 1342 986 1386 a
1024 1321 1254 1386 Numa
1288 1320 1635 1407 Pompilio
1674 1320 1894 1385 dedu-

371 1414 477 1477 xit
505 1460 526 1491 ,
574 1402 642 1497 ¹’)
718 1418 1037 1504 Virgilius
1078 1420 1486 1498 Memmios,
1557 1417 1833 1504 Sergios
1870 1465 1892 1496 ,

377 1508 729 1575 Cluentios
809 1533 854 1577 a
921 1512 1403 1579 vetustissimae
1518 1515 1894 1580 memoriae

373 1605 766 1690 Mnestheo,
817 1609 1120 1698 Sergesto
1147 1660 1169 1690 ,
1240 1608 1581 1676 Cloantho
1622 1611 1896 1676 deriva-

372 1702 495 1766 vit.
549 1699 609 1787 ⁶)
658 1703 866 1769 Plura
915 1707 1142 1772 similis
1188 1708 1520 1773 vanitatis
1577 1708 1898 1794 exempla

371 1799 537 1864 vide
574 1800 645 1864 in
674 1803 895 1867 numis
924 1804 1025 1870 M.
1060 1805 1234 1869 Iunii
1260 1805 1475 1869 Bruti.
1578 1805 1762 1888 Quid
1786 1826 1897 1869 ve·

369 1914 451 1960 ro
501 1898 718 1982 magis
756 1899 1113 1963 ridiculum
1155 1903 1467 1967 oratione
1508 1899 1600 1966 D.
1655 1902 1898 1967 Hiero·-

366 1994 599 2077 nymi‚
649 1997 990 2060 narrantis
1026 2046 1046 2076 ‚
1098 1999 1217 2063 sua
1254 1999 1481 2063 adhuc
1519 2010 1746 2063 aetate
1782 2020 1898 2063 ex·

372 2087 590 2153 stitisse
620 2092 885 2156 Romae
926 2096 1308 2159 Toxotium
1353 2096 1735 2181 quendam,
1779 2098 1898 2183 qui

372 2184 464 2249 ab
508 2187 746 2250 Aenea
794 2200 862 2251 et
892 2190 1084 2254 Iuliis
1130 2192 1517 2278 sanguinem
1564 2194 1894 2275 traxerit,

369 2284 647 2367 ejusque
732 2302 1021 2349 uxorem
1069 2287 1358 2351 Paulam
1422 2282 1467 2351 a
1523 2285 1894 2374 Gracchis,

372 2389 443 2441 et
482 2381 995 2463 Agamemnone
1044 2402 1252 2467 genus
1318 2384 1622 2446 ducere?
1717 2387 1896 2449 Vide

370 2471 546 2536 haec
598 2473 826 2538 laxius
873 2475 1178 2561 expolita
1245 2480 1429 2564 apud
1496 2478 1895 2562 Spanhemi·

368 2589 514 2635 um·
566 2560 631 2657 ιι)
684 2568 883 2635 Certe
934 2575 1181 2657 majori
1215 2574 1458 2638 horum
1495 2577 1725 2659 parti,
1779 2577 1897 2660 qni

299 2687 312 2692 ²
364 2667 489 2733 vili
523 2670 839 2756 prognati
887 2670 1185 2759 origine,
1259 2671 1538 2736 subinde
1595 2675 1892 2760 potenti·

364 2785 479 2830 am
513 2785 816 2852 opesque
861 2769 1202 2836 consecuti
1255 2769 1440 2848 sunt,
1513 2783 1696 2834 recte
1770 2774 1891 2837 ad·

362 2863 930 2949 plicaverisillud
972 2866 1216 2931 Iuliani
1267 2872 1449 2954 Aug·
1498 2864 1562 2949 ⁴²)
1639 2889 1746 2935 και
1799 2890 1894 2935 τοι

360 2976 494 3037 πως
537 2952 610 3023 ἐκ
645 2953 909 3041 ἄτοπον,
956 2984 1243 3046 μαγειρον
1277 2984 1387 3048 μεν
1413 3013 1433 3045 ,
1473 2957 1544 3053 ,ἦ
1609 2986 1834 3032 σκυτεα
1868 3015 1888 3045 ,

305 3088 316 3098 ·
361 3074 471 3123 και
504 3075 600 3120 ναι
640 3075 734 3140 μα
775 3059 898 3124 Δια
930 3080 1201 3143 κεραμεα
1245 3081 1412 3142 τινα,
1461 3083 1760 3146 χρηματα
1817 3064 1888 3128 ἐκ

362 3173 474 3236 της
508 3172 725 3237 τεχνης
749 3200 768 3230 ,
823 3147 862 3237 ἡ
904 3158 1010 3221 xdie
1049 3148 1290 3237 ἀλοθρν
1329 3160 1512 3247 ποθεν
1562 3152 1884 3249 &Spumav-

359 3271 440 3316 τοι
459 3297 480 3331 ,
528 3272 615 3334 μη
663 3252 856 3318 &ouem
879 3254 1084 3337 ἐυγενη
1107 3301 1128 3335 ,
1178 3255 1335 3339 μηδε
1367 3245 1482 3321 ὑπο
1509 3270 1631 3325 των
1661 3260 1888 3324 πολεων

358 3341 834 3433 ἐπονομαζεσθαι
883 3372 1024 3415 raro
1063 3371 1134 3416 το
1165 3344 1378 3435 ὄνομα.
1427 3353 1478 3416 ἐι
1522 3352 1587 3418 δε
1637 3345 1670 3418 ὁ
1739 3375 1884 3420 τετυ

357 3460 501 3521 παις
539 3444 965 3528 διαδεξαμενος
993 3468 1096 3512 τον
1128 3453 1352 3533 κληρον
1390 3448 1475 3525 ἐις
1501 3464 1608 3525 τες
1638 3450 1886 3529 herone

358 3536 854 3623 διαπορθμευσειε
879 3534 920 3619 ,”
950 3562 1125 3622 rev-sc
1171 3544 1236 3607 δε
1270 3537 1385 3624 ἤδη
1422 3562 1585 3625 μεγα
1626 3547 1885 3627 oporto,

355 3652 466 3700 xxc
524 3654 651 3712 τοις
719 3639 1090 3717 Πελοπιδαις
1174 3631 1212 3719 ἡ
1265 3659 1393 3716 τοις
1472 3639 1887 3721 Ηρακλειόαις

354 3721 498 3818 ὓπερ
538 3750 646 3813 της·
683 3730 979 3812 ἐυγενειας
1011 3726 1408 3816 &nanctoacum
1457 3736 1688 3825 nsane
1722 3756 1884 3824 quo·-

352 3828 536 3906 modo
570 3848 696 3924 ’ton
716 3830 803 3918 stt
820 3828 1192 3912 absurdum,
1244 3853 1499 3921 coquum
1523 3881 1542 3910 ,
1596 3833 1881 3923 velsuto-

350 3945 526 4005 rem,
579 3936 691 3991 aut
714 3928 774 4012 fi
807 3932 1010 3994 mavis
1021 3930 1297 4016 figulum
1329 3934 1695 4017 quempiam,
1747 3952 1884 3997 cum

351 4044 499 4108 opes
514 4025 644 4113 five
674 4023 757 4090 ab
810 4018 989 4101 arti,
1026 4028 1157 4115 five
1221 4028 1512 4115 aliorsum
1551 4030 1823 4116 .-collegit
1857 4075 1885 4109 ,

344 4120 618 4187 nondum
646 4131 856 4189 tamen
869 4126 1093 4209 putari
1127 4126 1427 4206 nobilem,
1476 4145 1666 4214 neque
1710 4125 1883 4212 apud

347 4216 579 4303 vulgus
619 4224 890 4286 nominis
918 4216 1028 4312 affe'
1058 4223 1398 4308 conspicui,-
1445 4233 1518 4289 ατ
1548 4222 1657 4289 ubi
1690 4223 1881 4310 hujus

328 4314 513 4403 filius
529 4314 828 4407 succcssbr
845 4318 1287 4386 hoereditatem
1305 4323 1373 4386 in
1389 4330 1639 4408 nepotes
1658 4328 1883 4388 hans-

418 4557 476 4621 a)
513 4555 694 4609 Canu.
731 4557 795 4610 L.
833 4559 941 4619 111,
978 4557 1075 4617 od.
1118 4577 1204 4629 29.
1273 4590 1288 4607 ο

343 4640 414 4699 Ρ·
440 4636 564 4694 348·
769 4629 822 4695 θ)
860 4627 1017 4685 01⁸⁸·
1050 4630 1129 4688 ll·
1163 4646 1232 4705 p.
1261 4642 1354 4698 ει,

447 4700 637 4789 (μοι.
693 4702 815 4788 V.)

1394 4562 1452 4632 b)
1490 4561 1562 4616 de
1599 4563 1741 4616 Arte
1771 4581 1826 4615 v.
1863 4579 1986 4632 ¹9¹·

1520 4631 1565 4704 5)
1599 4635 1664 4688 in
1693 4631 1884 4689 Numa
1918 4630 2018 4689 sub
2053 4635 2181 4690 init.

3418 651 3509 722 89

1967 832 2223 921 miserit
2238 879 2260 912 ,
2310 828 2426 899 laos
2451 834 2741 897 continuo
2795 829 3133 921 insolesoen
3149 879 3169 911 ‚
3253 842 3313 898 et
3377 854 3515 900 cum

1988 931 2312 1017 Pelopidis
2347 939 2410 997 et
2444 927 2807 998 Heraclidi-t
2857 932 2931 996 do
2967 930 3293 998 nobilitate
3361 953 3512 998 eou-

1987 1028 2285 1094 tudere?

2067 1121 2254 1190 -uixi
2290 1125 2463 1191 haec
2495 1122 2697 1190 causa
2732 1141 3093 1190 numorum
3125 1123 3321 1207 hujus
3350 1124 3513 1189 cisa

1986 1221 2068 1289 fis
2090 1273 2115 1309 ,
2167 1225 2238 1288 in
2271 1221 2519 1309 quibus
2545 1269 2566 1306 ‚
2618 1225 2736 1308 qui
2763 1237 2883 1287 eos
2926 1222 3177 1287 maneo
3222 1220 3510 1303 subjece-

1983 1340 2101 1400 re,
2153 1319 2351 1405 saepe
2410 1319 2694 1404 antiqua
2751 1319 2969 1407 gentis
3028 1319 3186 1383 suae
3257 1319 3514 1384 decora

1987 1414 2368 1503 ostentant,
2434 1437 2613 1501 quae
2670 1417 2713 1481 fi
2802 1438 2889 1482 ex
2944 1416 3148 1500 cyclo
3204 1414 3513 1499 mythico

1984 1514 2398 1601 deprompta
2438 1512 2623 1591 sunt,
2673 1514 2906 1599 suapte
2950 1510 3200 1577 fallunt
3226 1557 3248 1591 ,
3300 1510 3391 1575 fin
3424 1531 3512 1577 ex

1987 1611 2214 1696 prima
2250 1611 2347 1673 rei
2386 1612 2743 1675 Romanae
2789 1621 3057 1689 aetate,
3113 1609 3375 1695 oppido
3414 1607 3518 1671 su·

1987 1706 2219 1793 specta
2254 1707 2521 1792 poss'unt
2555 1707 2822 1776 haberi.
2936 1706 3278 1771 Fabulosa
3325 1704 3511 1769 sunt:

1976 1803 2151 1868 iulii
2185 1825 2229 1869 a
2260 1808 2526 1869 Venere
2564 1805 2732 1883 orti,
2801 1805 2874 1867 in
2940 1822 3233 1887 quorum
3292 1801 3515 1866 numis

1987 1912 2359 1986 perpetuus
2444 1901 2619 1965 haec
2697 1919 3009 1966 amorum
3080 1901 3213 1963 dea
3267 1912 3515 1984 typus,

1986 2000 2268 2063 Antonii
2322 1998 2412 2064 ab
2452 2000 2724 2062 Antone
2791 1995 3102 2061 Herculis
3154 1995 3339 2060 socio
3388 1987 3514 2058 du·

1987 2096 2123 2173 cti,
2175 2098 2361 2179 cujus
2397 2093 2599 2160 eausa
2633 2096 2744 2158 leo
2794 2094 2865 2158 in
2909 2094 3004 2160 M.
3041 2093 3323 2157 Antonii
3380 2089 3517 2156 111-

1983 2191 2386 2256 viri·numis
2424 2190 2710 2278 [ignatus
2748 2202 3030 2277 putatur
3063 2237 3083 2270 ,
3135 2188 3437 2254 Mamilii
3465 2206 3516 2252 a

1984 2289 2336 2352 Mercurio
2376 2301 2443 2353 et
2464 2288 2690 2372 Vlyfl'e
2726 2288 3022 2364 oriundi,
3076 2306 3177 2366 ex,
3196 2306 3331 2371 qua
3354 2305 3514 2350 cau·

1984 2383 2054 2445 ra
2097 2385 2444 2467 utriusque
2482 2385 2712 2470 imago
2754 2384 2823 2447 in
2852 2382 3321 2447 Mamiliorum
3362 2402 3509 2447 mo·

1982 2491 2214 2541 netam
2250 2490 2527 2541 vocata.
2629 2478 2951 2562 Suspecta
2997 2479 3176 2542 sunt:
3230 2476 3513 2564 Calpur·

1983 2575 2077 2637 nii
2121 2585 2189 2636 et
2218 2575 2587 2660 Pomponii
2617 2595 2662 2639 a
2711 2573 2941 2637 Numa
2972 2572 3333 2663 profecti,
3416 2573 3517 2638 ob

1984 2670 2172 2756 quod
2207 2669 2506 2735 Numam
2537 2672 2607 2738 in
2642 2670 2938 2738 denariis
2978 2668 3348 2745 exhibentg
3400 2670 3513 2743 M.

1980 2769 2214 2833 Iunius
2258 2769 2507 2834 Brutus
2534 2815 2556 2849 ,
2608 2771 2714 2854 is,
2766 2768 2882 2852 qui
2925 2765 3285 2831 Caesarem
3328 2768 3509 2831 oeci·

1980 2868 2081 2931 dit
2111 2916 2133 2949 ‚
2186 2884 2232 2931 a
2283 2865 2544 2946 Bruto,
2597 2867 2715 2954 qui
2764 2884 2957 2953 reges
2989 2866 3185 2944 ejecit
3214 2910 3233 2941 ,
3288 2875 3509 2946 ortus,

1975 2977 2261 3053 propter
2313 2966 2497 3049 quod
2536 2963 2733 3049 hujus
2781 2962 2898 3026 ille
2937 2959 3231 3046 effigiem
3275 2962 3345 3025 in
3390 2982 3514 3026 nu·

1975 3065 2107 3126 mis
2132 3065 2395 3148 jactat,
2446 3081 2584 3146 qua
2656 3062 2744 3126 de
2798 3058 3106 3123 vanitate
3152 3060 3226 3123 in
3303 3059 3539 3142 hujus·-

1972 3172 2253 3224 moneta
2288 3159 2426 3222 late
2462 3172 2731 3245 agetur.
2827 3157 3024 3240 Quae
3061 3167 3137 3218 ut
3171 3174 3339 3220 vera
3378 3156 3509 3221 ess‘e

1970 3259 2281 3344 poss'unt,
2333 3254 2458 3337 fic,
2510 3257 2696 3341 quod
2749 3253 2934 3317 urbis
2974 3253 3263 3317 exordia
3320 3251 3506 3318 cim·

1970 3355 2203 3418 meriis
2239 3352 2387 3415 sunt
2414 3353 2713 3416 tenebris
2754 3351 3111 3427 involuta,
3157 3369 3285 3434 pro
3319 3354 3509 3416 veris

1971 3450 2324 3519 adfirmari
2360 3461 2725 3529 nequeunt.
2845 3445 3027 3509 Nam
3046 3432 3083 3523 ,’
3118 3453 3196 3508 ut
3246 3467 3333 3511 ex
3379 3468 3509 3512 ve.

1971 3558 2116 3609 tere
2141 3557 2421 3608 anctore
2459 3540 2706 3608 Clodio
2743 3538 2955 3604 refert
2986 3538 3415 3623 Plutarchus,
3444 3533 3506 3629 f)

1970 3639 2236 3705 vetusta
2270 3638 2739 3703 Romanorum
2791 3650 3012 3718 acta,·
3064 3652 3221 3700 eum
3261 3639 3423 3704 urbs
3457 3660 3505 3708 a

1975 3734 2193 3801 Gallis
2229 3734 2748 3814 exscinderetur,
2784 3733 2931 3796 sunt
2965 3730 3265 3809 abolita3
3315 3756 3500 3821 quae

1972 3852 2141 3900 vero
2178 3852 2352 3896 nunc
2386 3831 2708 3897 manibus
2735 3840 3062 3909 teruntur,
3121 3829 3502 3920 conscripta

1969 3930 2166 3997 fuere
2201 3951 2247 3995 a
2287 3930 2628 3996 nonnullis
2677 3933 2749 3995 in
2804 3929 3095 4016 gratiam
3155 3942 3499 3996 certorum

1969 4030 2323 4094 hominum
2394 4029 2467 4092 in
2533 4027 2991 4093 nobilissimas
3051 4022 3356 4091 familias
3434 4038 3504 4094 et

1966 4139 2243 4215 gentes,
2294 4146 2340 4191 a
2379 4125 2625 4213 quibus
2683 4122 3075 4192 alienissimi
3114 4122 3304 4206 sunt,
3374 4147 3503 4214 pe..

1967 4226 2413 4291 netrantiumc
2678 4255 2695 4265 ·
2822 4270 2831 4275 -

2055 4321 2279 4387 Aliter
2310 4321 2374 4386 se
2411 4334 2521 4385 res
2566 4317 2819 4397 habet,
2868 4336 3027 4383 cum
3071 4318 3326 4386 deeora
3368 4341 3503 4407 pe-

3078 4560 3551 4644 anunm,

3033 4708 3119 4813 ,Μ

2134 4536 2140 4541 ¹
2179 4563 2238 4634 e)
2275 4564 2424 4620 Aen.
2460 4564 2541 4622 V.
2577 4580 2698 4634 ιη.
2724 4560 2855 4636 seq,
