<?xml version="1.0" encoding="UTF-8"?>
<!DOCTYPE html PUBLIC "-//W3C//DTD XHTML 1.0 Transitional//EN"
    "http://www.w3.org/TR/xhtml1/DTD/xhtml1-transitional.dtd">
<html xmlns="http://www.w3.org/1999/xhtml" xml:lang="en" lang="en">
 <head>
  <title>
</title>
<meta http-equiv="Content-Type" content="text/html;charset=utf-8" />
  <meta name='ocr-system' content='tesseract 3.04.00' />
  <meta name='ocr-capabilities' content='ocr_page ocr_carea ocr_par ocr_line ocrx_word'/>
</head>
<body>
  <div class='ocr_page' id='page_1' title='image "./doctrinanumorum06unkngoog/doctrinanumorum06unkngoog_0183.png"; bbox 0 0 4175 5450; ppageno 0'>
   <div class='ocr_carea' id='block_1_1' title="bbox 693 654 831 725">
    <p class='ocr_par' dir='ltr' id='par_1_1' title="bbox 693 654 831 725">
     <span class='ocr_line' id='line_1_1' title="bbox 693 654 831 725; baseline -0.022 -17"><span class='ocrx_word' id='word_1_1' title='bbox 693 654 831 725; x_wconf 79' lang='lat'><strong>172</strong></span> 
     </span>
    </p>
   </div>
   <div class='ocr_carea' id='block_1_2' title="bbox 700 826 2232 1214">
    <p class='ocr_par' dir='ltr' id='par_1_2' title="bbox 700 826 2232 1016">
     <span class='ocr_line' id='line_1_2' title="bbox 801 826 2232 920; baseline -0.007 -16"><span class='ocrx_word' id='word_1_2' title='bbox 801 836 879 920; x_wconf 74' lang='lat' dir='ltr'><strong>C.</strong></span> <span class='ocrx_word' id='word_1_3' title='bbox 915 826 1758 902; x_wconf 84' lang='lat' dir='ltr'><strong>PVLCHER.PROCOS.</strong></span> <span class='ocrx_word' id='word_1_4' title='bbox 1793 831 1866 896; x_wconf 88' lang='lat' dir='ltr'><strong>in</strong></span> <span class='ocrx_word' id='word_1_5' title='bbox 1897 827 2232 918; x_wconf 75' lang='lat' dir='ltr'><strong>cistopho-</strong></span> 
     </span>
     <span class='ocr_line' id='line_1_3' title="bbox 700 931 1668 1016; baseline -0.011 -12"><span class='ocrx_word' id='word_1_6' title='bbox 700 939 795 1004; x_wconf 85' lang='lat' dir='ltr'><strong>ris</strong></span> <span class='ocrx_word' id='word_1_7' title='bbox 847 932 1187 1001; x_wconf 76' lang='lat' dir='ltr'>Tranium</span> <span class='ocrx_word' id='word_1_8' title='bbox 1221 945 1290 995; x_wconf 90' lang='lat' dir='ltr'><strong>et</strong></span> <span class='ocrx_word' id='word_1_9' title='bbox 1327 931 1668 1016; x_wconf 82' lang='lat' dir='ltr'><strong>Pergami.</strong></span> 
     </span>
    </p>

    <p class='ocr_par' dir='ltr' id='par_1_3' title="bbox 700 1024 2227 1214">
     <span class='ocr_line' id='line_1_4' title="bbox 795 1024 2227 1114; baseline -0.008 -14"><span class='ocrx_word' id='word_1_10' title='bbox 795 1032 974 1100; x_wconf 88' lang='lat' dir='ltr'><strong>Vide</strong></span> <span class='ocrx_word' id='word_1_11' title='bbox 1017 1030 1145 1094; x_wconf 85' lang='lat' dir='ltr'><strong>hos</strong></span> <span class='ocrx_word' id='word_1_12' title='bbox 1188 1047 1430 1094; x_wconf 87' lang='lat' dir='ltr'><strong>numos</strong></span> <span class='ocrx_word' id='word_1_13' title='bbox 1464 1026 1847 1114; x_wconf 81' lang='lat' dir='ltr'><strong>explicatos</strong></span> <span class='ocrx_word' id='word_1_14' title='bbox 1883 1024 1952 1088; x_wconf 90' lang='lat' dir='ltr'><strong>in</strong></span> <span class='ocrx_word' id='word_1_15' title='bbox 1969 1036 2227 1091; x_wconf 44' lang='lat' dir='ltr'><strong>tracta*</strong></span> 
     </span>
     <span class='ocr_line' id='line_1_5' title="bbox 700 1124 1380 1214; baseline -0.017 -15"><span class='ocrx_word' id='word_1_16' title='bbox 700 1144 774 1199; x_wconf 85' lang='lat' dir='ltr'><strong>tu</strong></span> <span class='ocrx_word' id='word_1_17' title='bbox 812 1131 898 1195; x_wconf 88' lang='lat' dir='ltr'><strong>de</strong></span> <span class='ocrx_word' id='word_1_18' title='bbox 936 1124 1380 1214; x_wconf 75' lang='lat' dir='ltr'><strong>cistophoris.</strong></span> 
     </span>
    </p>
   </div>
   <div class='ocr_carea' id='block_1_3' title="bbox 1453 1218 1486 1254">
    <p class='ocr_par' dir='ltr' id='par_1_4' title="bbox 1453 1218 1486 1254">
     <span class='ocr_line' id='line_1_6' title="bbox 1453 1218 1486 1254; baseline 0 -6"><span class='ocrx_word' id='word_1_19' title='bbox 1453 1218 1486 1254; x_wconf 55' lang='grc' dir='ltr'><em>Β</em></span> 
     </span>
    </p>
   </div>
   <div class='ocr_carea' id='block_1_4' title="bbox 667 1313 2240 2862">
    <p class='ocr_par' dir='ltr' id='par_1_5' title="bbox 995 1313 2231 1402">
     <span class='ocr_line' id='line_1_7' title="bbox 995 1313 2231 1402; baseline -0.003 -17"><span class='ocrx_word' id='word_1_20' title='bbox 995 1320 1188 1385; x_wconf 91' lang='grc' dir='ltr'><strong>ΙΜΡ.</strong></span> <span class='ocrx_word' id='word_1_21' title='bbox 1230 1316 1602 1382; x_wconf 84' lang='lat' dir='ltr'><strong>CAESAR.</strong></span> <span class='ocrx_word' id='word_1_22' title='bbox 1658 1313 1861 1402; x_wconf 81' lang='lat' dir='ltr'><strong>Caput</strong></span> <span class='ocrx_word' id='word_1_23' title='bbox 1904 1314 1967 1382; x_wconf 91' lang='grc' dir='ltr'><strong>Ι.</strong></span> <span class='ocrx_word' id='word_1_24' title='bbox 2006 1314 2231 1402; x_wconf 63' lang='grc' dir='ltr'>δαψι-</span> 
     </span>
    </p>

    <p class='ocr_par' dir='ltr' id='par_1_6' title="bbox 683 1416 2238 1705">
     <span class='ocr_line' id='line_1_8' title="bbox 995 1416 1301 1484; baseline -0.004 -1"><span class='ocrx_word' id='word_1_25' title='bbox 995 1421 1098 1483; x_wconf 73' lang='lat' dir='ltr'><strong>ris</strong></span> <span class='ocrx_word' id='word_1_26' title='bbox 1133 1416 1301 1484; x_wconf 74' lang='lat' dir='ltr'><strong>laur.-</strong></span> 
     </span>
     <span class='ocr_line' id='line_1_9' title="bbox 698 1509 2238 1596; baseline -0.003 -15"><span class='ocrx_word' id='word_1_27' title='bbox 698 1519 780 1585; x_wconf 91' lang='lat' dir='ltr'><strong>P.</strong></span> <span class='ocrx_word' id='word_1_28' title='bbox 809 1511 1229 1581; x_wconf 88' lang='lat' dir='ltr'>CLODIVS.</span> <span class='ocrx_word' id='word_1_29' title='bbox 1257 1512 1356 1577; x_wconf 91' lang='lat' dir='ltr'><strong>M.</strong></span> <span class='ocrx_word' id='word_1_30' title='bbox 1382 1510 1461 1576; x_wconf 88' lang='lat' dir='ltr'><strong>F.</strong></span> <span class='ocrx_word' id='word_1_31' title='bbox 1486 1511 1682 1577; x_wconf 80' lang='lat' dir='ltr'><strong>Mars</strong></span> <span class='ocrx_word' id='word_1_32' title='bbox 1696 1509 1994 1596; x_wconf 77' lang='lat' dir='ltr'><em>galeatus</em></span> <span class='ocrx_word' id='word_1_33' title='bbox 2029 1512 2238 1577; x_wconf 74' lang='lat' dir='ltr'><strong>nudus</strong></span> 
     </span>
     <span class='ocr_line' id='line_1_10' title="bbox 683 1607 2232 1705; baseline -0.006 -24"><span class='ocrx_word' id='word_1_34' title='bbox 683 1616 866 1705; x_wconf 71' lang='lat' dir='ltr'><strong>stans</strong></span> <span class='ocrx_word' id='word_1_35' title='bbox 906 1610 974 1682; x_wconf 83' lang='lat' dir='ltr'><strong>cl.</strong></span> <span class='ocrx_word' id='word_1_36' title='bbox 1010 1610 1282 1698; x_wconf 61' lang='lat' dir='ltr'><strong>hastam,</strong></span> <span class='ocrx_word' id='word_1_37' title='bbox 1322 1607 1382 1695; x_wconf 89' lang='lat' dir='ltr'><strong>s.</strong></span> <span class='ocrx_word' id='word_1_38' title='bbox 1407 1609 1860 1693; x_wconf 67' lang='lat' dir='ltr'><strong>par-azanium.</strong></span> <span class='ocrx_word' id='word_1_39' title='bbox 1961 1607 2108 1675; x_wconf 89' lang='lat' dir='ltr'><strong>AR.</strong></span> <span class='ocrx_word' id='word_1_40' title='bbox 2146 1611 2232 1674; x_wconf 89' lang='lat' dir='ltr'><strong>R.</strong></span> 
     </span>
    </p>

    <p class='ocr_par' dir='ltr' id='par_1_7' title="bbox 1007 1703 2234 1775">
     <span class='ocr_line' id='line_1_11' title="bbox 1007 1703 2234 1775; baseline 0 -4"><span class='ocrx_word' id='word_1_41' title='bbox 1007 1705 1382 1771; x_wconf 83' lang='lat' dir='ltr'><strong>CAESAR.</strong></span> <span class='ocrx_word' id='word_1_42' title='bbox 1424 1704 1707 1767; x_wconf 88' lang='lat' dir='ltr'><strong>IIIVIR.</strong></span> <span class='ocrx_word' id='word_1_43' title='bbox 1741 1705 1825 1769; x_wconf 88' lang='lat' dir='ltr'><strong>R.</strong></span> <span class='ocrx_word' id='word_1_44' title='bbox 1867 1705 1943 1769; x_wconf 93' lang='lat' dir='ltr'><strong>P.</strong></span> <span class='ocrx_word' id='word_1_45' title='bbox 1984 1703 2060 1770; x_wconf 91' lang='lat' dir='ltr'><strong>C.</strong></span> <span class='ocrx_word' id='word_1_46' title='bbox 2114 1704 2234 1775; x_wconf 81' lang='lat' dir='ltr'><strong>Ca·</strong></span> 
     </span>
    </p>

    <p class='ocr_par' dir='ltr' id='par_1_8' title="bbox 991 1801 2230 1891">
     <span class='ocr_line' id='line_1_12' title="bbox 991 1801 2230 1891; baseline -0.002 -23"><span class='ocrx_word' id='word_1_47' title='bbox 991 1813 1114 1891; x_wconf 79' lang='lat' dir='ltr'><strong>put</strong></span> <span class='ocrx_word' id='word_1_48' title='bbox 1180 1802 1514 1867; x_wconf 75' lang='lat' dir='ltr'><strong>Octaviani</strong></span> <span class='ocrx_word' id='word_1_49' title='bbox 1555 1802 1812 1866; x_wconf 69' lang='lat' dir='ltr'><strong>nudum.</strong></span> <span class='ocrx_word' id='word_1_50' title='bbox 1911 1803 1990 1866; x_wconf 92' lang='lat' dir='ltr'><strong>In</strong></span> <span class='ocrx_word' id='word_1_51' title='bbox 2052 1801 2230 1868; x_wconf 84' lang='lat' dir='ltr'><strong>alio:</strong></span> 
     </span>
    </p>

    <p class='ocr_par' dir='ltr' id='par_1_9' title="bbox 993 1897 2235 1976">
     <span class='ocr_line' id='line_1_13' title="bbox 993 1897 2235 1976; baseline 0 -12"><span class='ocrx_word' id='word_1_52' title='bbox 993 1901 1098 1964; x_wconf 90' lang='lat' dir='ltr'><strong>M.</strong></span> <span class='ocrx_word' id='word_1_53' title='bbox 1144 1897 1637 1963; x_wconf 87' lang='lat' dir='ltr'><strong>ANTONIVS.</strong></span> <span class='ocrx_word' id='word_1_54' title='bbox 1688 1897 1974 1976; x_wconf 85' lang='lat' dir='ltr'><strong>IIIVIR,</strong></span> <span class='ocrx_word' id='word_1_55' title='bbox 2013 1899 2099 1963; x_wconf 88' lang='lat' dir='ltr'><strong>R.</strong></span> <span class='ocrx_word' id='word_1_56' title='bbox 2157 1901 2235 1965; x_wconf 89' lang='lat' dir='ltr'><strong>P.</strong></span> 
     </span>
    </p>

    <p class='ocr_par' dir='ltr' id='par_1_10' title="bbox 667 1993 2240 2746">
     <span class='ocr_line' id='line_1_14' title="bbox 996 1993 2231 2082; baseline -0.001 -20"><span class='ocrx_word' id='word_1_57' title='bbox 996 1994 1077 2064; x_wconf 92' lang='lat' dir='ltr'><strong>C.</strong></span> <span class='ocrx_word' id='word_1_58' title='bbox 1128 1994 1335 2082; x_wconf 76' lang='lat' dir='ltr'><strong>Caput</strong></span> <span class='ocrx_word' id='word_1_59' title='bbox 1375 1997 1472 2060; x_wconf 83' lang='lat' dir='ltr'><strong>M.</strong></span> <span class='ocrx_word' id='word_1_60' title='bbox 1537 1994 1814 2061; x_wconf 73' lang='lat' dir='ltr'><strong>Antonii</strong></span> <span class='ocrx_word' id='word_1_61' title='bbox 1872 1993 2231 2061; x_wconf 80' lang='lat' dir='ltr'><strong>barbatum.</strong></span> 
     </span>
     <span class='ocr_line' id='line_1_15' title="bbox 702 2091 2237 2177; baseline -0.003 -15"><span class='ocrx_word' id='word_1_62' title='bbox 702 2100 780 2165; x_wconf 92' lang='lat' dir='ltr'><strong>P.</strong></span> <span class='ocrx_word' id='word_1_63' title='bbox 818 2092 1243 2162; x_wconf 88' lang='lat' dir='ltr'><strong>CLODIVS.</strong></span> <span class='ocrx_word' id='word_1_64' title='bbox 1283 2091 1383 2156; x_wconf 92' lang='grc' dir='ltr'><strong>Μ.</strong></span> <span class='ocrx_word' id='word_1_65' title='bbox 1415 2091 1493 2157; x_wconf 89' lang='lat' dir='ltr'><strong>F.</strong></span> <span class='ocrx_word' id='word_1_66' title='bbox 1543 2092 1740 2157; x_wconf 83' lang='lat' dir='ltr'><strong>Mars</strong></span> <span class='ocrx_word' id='word_1_67' title='bbox 1773 2091 2072 2177; x_wconf 78' lang='lat' dir='ltr'><strong>galeatus</strong></span> <span class='ocrx_word' id='word_1_68' title='bbox 2116 2113 2237 2158; x_wconf 77' lang='lat' dir='ltr'><strong>nu-</strong></span> 
     </span>
     <span class='ocr_line' id='line_1_16' title="bbox 709 2187 2240 2284; baseline -0.007 -20"><span class='ocrx_word' id='word_1_69' title='bbox 709 2195 829 2263; x_wconf 80' lang='lat' dir='ltr'><strong>dus</strong></span> <span class='ocrx_word' id='word_1_70' title='bbox 845 2196 1028 2284; x_wconf 76' lang='lat' dir='ltr'><strong>flans</strong></span> <span class='ocrx_word' id='word_1_71' title='bbox 1106 2190 1171 2255; x_wconf 78' lang='lat' dir='ltr'><strong>d.</strong></span> <span class='ocrx_word' id='word_1_72' title='bbox 1215 2187 1490 2275; x_wconf 64' lang='lat' dir='ltr'><strong>hallam,</strong></span> <span class='ocrx_word' id='word_1_73' title='bbox 1526 2187 1587 2275; x_wconf 90' lang='lat' dir='ltr'><strong>s.</strong></span> <span class='ocrx_word' id='word_1_74' title='bbox 1629 2192 2075 2273; x_wconf 64' lang='lat' dir='ltr'><strong>pan-azanium.</strong></span> <span class='ocrx_word' id='word_1_75' title='bbox 2158 2189 2240 2253; x_wconf 93' lang='lat' dir='ltr'><strong>In</strong></span> 
     </span>
     <span class='ocr_line' id='line_1_17' title="bbox 710 2283 2235 2377; baseline -0.003 -18"><span class='ocrx_word' id='word_1_76' title='bbox 710 2293 891 2359; x_wconf 84' lang='lat' dir='ltr'><strong>alio:</strong></span> <span class='ocrx_word' id='word_1_77' title='bbox 942 2287 1179 2357; x_wconf 77' lang='lat' dir='ltr'><strong>Mulier</strong></span> <span class='ocrx_word' id='word_1_78' title='bbox 1193 2288 1376 2375; x_wconf 80' lang='lat' dir='ltr'><strong>flans</strong></span> <span class='ocrx_word' id='word_1_79' title='bbox 1411 2283 1473 2350; x_wconf 77' lang='lat' dir='ltr'><strong>d.</strong></span> <span class='ocrx_word' id='word_1_80' title='bbox 1512 2295 1841 2371; x_wconf 77' lang='lat' dir='ltr'><strong>pateram,</strong></span> <span class='ocrx_word' id='word_1_81' title='bbox 1878 2291 1943 2373; x_wconf 92' lang='lat' dir='ltr'><strong>s.</strong></span> <span class='ocrx_word' id='word_1_82' title='bbox 1979 2284 2235 2377; x_wconf 61' lang='lat' dir='ltr'><strong>tuffam.</strong></span> 
     </span>
     <span class='ocr_line' id='line_1_18' title="bbox 667 2477 2140 2568; baseline 0 -20"><span class='ocrx_word' id='word_1_83' title='bbox 667 2499 678 2504; x_wconf 59' lang='lat'>‘</span> <span class='ocrx_word' id='word_1_84' title='bbox 1005 2481 1210 2568; x_wconf 77' lang='lat' dir='ltr'><strong>Caput</strong></span> <span class='ocrx_word' id='word_1_85' title='bbox 1240 2478 1416 2547; x_wconf 78' lang='lat' dir='ltr'><strong>Solis</strong></span> <span class='ocrx_word' id='word_1_86' title='bbox 1461 2477 1829 2560; x_wconf 78' lang='lat' dir='ltr'><strong>radiatum,</strong></span> <span class='ocrx_word' id='word_1_87' title='bbox 1888 2502 2052 2568; x_wconf 76' lang='lat' dir='ltr'><strong>pone</strong></span> <span class='ocrx_word' id='word_1_88' title='bbox 2083 2484 2140 2548; x_wconf 94' lang='lat' dir='ltr'><strong>I.</strong></span> 
     </span>
     <span class='ocr_line' id='line_1_19' title="bbox 707 2576 2235 2669; baseline -0.001 -22"><span class='ocrx_word' id='word_1_89' title='bbox 707 2582 787 2647; x_wconf 92' lang='lat' dir='ltr'><strong>P.</strong></span> <span class='ocrx_word' id='word_1_90' title='bbox 840 2578 1263 2645; x_wconf 90' lang='lat' dir='ltr'><strong>CLODIVS.</strong></span> <span class='ocrx_word' id='word_1_91' title='bbox 1305 2579 1407 2641; x_wconf 91' lang='grc' dir='ltr'><strong>Μ.</strong></span> <span class='ocrx_word' id='word_1_92' title='bbox 1440 2576 1527 2644; x_wconf 88' lang='lat' dir='ltr'><strong>F</strong></span> <span class='ocrx_word' id='word_1_93' title='bbox 1579 2577 1763 2644; x_wconf 78' lang='lat' dir='ltr'><strong>Luna</strong></span> <span class='ocrx_word' id='word_1_94' title='bbox 1795 2580 2235 2669; x_wconf 70' lang='lat' dir='ltr'><strong>inter5qstra.</strong></span> 
     </span>
     <span class='ocr_line' id='line_1_20' title="bbox 707 2674 1392 2746; baseline -0.008 -2"><span class='ocrx_word' id='word_1_95' title='bbox 707 2676 858 2746; x_wconf 78' lang='lat' dir='ltr'><strong>AV.</strong></span> <span class='ocrx_word' id='word_1_96' title='bbox 908 2678 1056 2741; x_wconf 86' lang='lat' dir='ltr'><strong>RR.¹</strong></span> <span class='ocrx_word' id='word_1_97' title='bbox 1106 2677 1257 2740; x_wconf 84' lang='lat' dir='ltr'><strong>AR.</strong></span> <span class='ocrx_word' id='word_1_98' title='bbox 1311 2674 1392 2741; x_wconf 92' lang='lat' dir='ltr'><strong>C.</strong></span> 
     </span>
    </p>

    <p class='ocr_par' dir='ltr' id='par_1_11' title="bbox 908 2770 2239 2862">
     <span class='ocr_line' id='line_1_21' title="bbox 908 2770 2239 2862; baseline -0.002 -20"><span class='ocrx_word' id='word_1_99' title='bbox 908 2774 1115 2862; x_wconf 78' lang='lat' dir='ltr'><strong>Caput</strong></span> <span class='ocrx_word' id='word_1_100' title='bbox 1141 2772 1435 2840; x_wconf 73' lang='lat' dir='ltr'><strong>muliebre</strong></span> <span class='ocrx_word' id='word_1_101' title='bbox 1482 2770 1829 2839; x_wconf 75' lang='lat' dir='ltr'><strong>laureatum</strong></span> <span class='ocrx_word' id='word_1_102' title='bbox 1845 2818 1867 2854; x_wconf 92' lang='lat'><strong>,</strong></span> <span class='ocrx_word' id='word_1_103' title='bbox 1924 2794 2091 2861; x_wconf 78' lang='lat' dir='ltr'><strong>pone</strong></span> <span class='ocrx_word' id='word_1_104' title='bbox 2142 2774 2239 2862; x_wconf 76' lang='lat' dir='ltr'><strong>ly-</strong></span> 
     </span>
    </p>
   </div>
   <div class='ocr_carea' id='block_1_5' title="bbox 659 2960 2244 4497">
    <p class='ocr_par' dir='ltr' id='par_1_12' title="bbox 685 2960 2244 3153">
     <span class='ocr_line' id='line_1_22' title="bbox 685 2960 2244 3062; baseline -0.001 -26"><span class='ocrx_word' id='word_1_105' title='bbox 685 2960 789 3036; x_wconf 80' lang='grc' dir='ltr'><strong>Ῥ.</strong></span> <span class='ocrx_word' id='word_1_106' title='bbox 829 2965 1253 3033; x_wconf 87' lang='lat' dir='ltr'><strong>CLODIVS.</strong></span> <span class='ocrx_word' id='word_1_107' title='bbox 1290 2967 1388 3034; x_wconf 91' lang='lat' dir='ltr'><strong>M.</strong></span> <span class='ocrx_word' id='word_1_108' title='bbox 1439 2966 1520 3029; x_wconf 89' lang='lat' dir='ltr'><strong>F.</strong></span> <span class='ocrx_word' id='word_1_109' title='bbox 1572 2965 1794 3032; x_wconf 72' lang='lat' dir='ltr'><strong>Diana</strong></span> <span class='ocrx_word' id='word_1_110' title='bbox 1811 2963 2244 3062; x_wconf 70' lang='lat' dir='ltr'><strong>stolatastans</strong></span> 
     </span>
     <span class='ocr_line' id='line_1_23' title="bbox 713 3061 2235 3153; baseline -0.003 -20"><span class='ocrx_word' id='word_1_111' title='bbox 713 3076 986 3153; x_wconf 74' lang='lat' dir='ltr'><strong>utraque</strong></span> <span class='ocrx_word' id='word_1_112' title='bbox 1017 3082 1209 3128; x_wconf 75' lang='lat' dir='ltr'><strong>mama</strong></span> <span class='ocrx_word' id='word_1_113' title='bbox 1236 3061 1572 3149; x_wconf 76' lang='lat' dir='ltr'><em>oblongam</em></span> <span class='ocrx_word' id='word_1_114' title='bbox 1600 3061 1809 3149; x_wconf 75' lang='lat' dir='ltr'><strong>facem</strong></span> <span class='ocrx_word' id='word_1_115' title='bbox 1853 3074 2032 3133; x_wconf 78' lang='lat' dir='ltr'><strong>tenet.</strong></span> <span class='ocrx_word' id='word_1_116' title='bbox 2085 3067 2235 3143; x_wconf 88' lang='lat' dir='ltr'><strong>AR</strong></span> 
     </span>
    </p>

    <p class='ocr_par' dir='ltr' id='par_1_13' title="bbox 659 3255 2244 4497">
     <span class='ocr_line' id='line_1_24' title="bbox 812 3255 2237 3327; baseline -0.002 -3"><span class='ocrx_word' id='word_1_117' title='bbox 812 3257 923 3324; x_wconf 90' lang='lat' dir='ltr'><strong>Ab</strong></span> <span class='ocrx_word' id='word_1_118' title='bbox 965 3276 1102 3322; x_wconf 89' lang='lat' dir='ltr'><strong>uno</strong></span> <span class='ocrx_word' id='word_1_119' title='bbox 1140 3275 1378 3324; x_wconf 88' lang='lat' dir='ltr'><strong>omnes</strong></span> <span class='ocrx_word' id='word_1_120' title='bbox 1417 3255 1548 3321; x_wconf 88' lang='lat' dir='ltr'><strong>hos</strong></span> <span class='ocrx_word' id='word_1_121' title='bbox 1593 3256 1912 3322; x_wconf 87' lang='lat' dir='ltr'><strong>denarios</strong></span> <span class='ocrx_word' id='word_1_122' title='bbox 1965 3259 2045 3327; x_wconf 92' lang='lat' dir='ltr'><strong>P.</strong></span> <span class='ocrx_word' id='word_1_123' title='bbox 2083 3257 2237 3322; x_wconf 88' lang='lat' dir='ltr'><strong>Clo-</strong></span> 
     </span>
     <span class='ocr_line' id='line_1_25' title="bbox 721 3354 2238 3443; baseline -0.002 -21"><span class='ocrx_word' id='word_1_124' title='bbox 721 3357 837 3422; x_wconf 91' lang='lat' dir='ltr'><strong>dio</strong></span> <span class='ocrx_word' id='word_1_125' title='bbox 879 3354 1224 3443; x_wconf 81' lang='lat' dir='ltr'><strong>percuss&#39;os</strong></span> <span class='ocrx_word' id='word_1_126' title='bbox 1253 3401 1273 3435; x_wconf 92' lang='lat'><strong>,</strong></span> <span class='ocrx_word' id='word_1_127' title='bbox 1342 3367 1645 3430; x_wconf 85' lang='lat' dir='ltr'><strong>certum,</strong></span> <span class='ocrx_word' id='word_1_128' title='bbox 1723 3374 1941 3439; x_wconf 90' lang='lat' dir='ltr'><strong>neque</strong></span> <span class='ocrx_word' id='word_1_129' title='bbox 2007 3354 2238 3419; x_wconf 86' lang='lat' dir='ltr'><strong>hacte-</strong></span> 
     </span>
     <span class='ocr_line' id='line_1_26' title="bbox 716 3450 2239 3521; baseline 0 -2"><span class='ocrx_word' id='word_1_130' title='bbox 716 3475 842 3519; x_wconf 89' lang='lat' dir='ltr'><strong>nus</strong></span> <span class='ocrx_word' id='word_1_131' title='bbox 889 3454 1065 3517; x_wconf 90' lang='lat' dir='ltr'><strong>inter</strong></span> <span class='ocrx_word' id='word_1_132' title='bbox 1101 3453 1404 3516; x_wconf 87' lang='lat' dir='ltr'><strong>eruditos</strong></span> <span class='ocrx_word' id='word_1_133' title='bbox 1454 3450 1920 3516; x_wconf 84' lang='lat' dir='ltr'><strong>controverlia·</strong></span> <span class='ocrx_word' id='word_1_134' title='bbox 1968 3450 2239 3521; x_wconf 85' lang='lat' dir='ltr'><strong>exstitit.</strong></span> 
     </span>
     <span class='ocr_line' id='line_1_27' title="bbox 719 3547 2238 3636; baseline -0.003 -19"><span class='ocrx_word' id='word_1_135' title='bbox 719 3551 892 3636; x_wconf 85' lang='lat' dir='ltr'><strong>Quis</strong></span> <span class='ocrx_word' id='word_1_136' title='bbox 931 3548 1139 3615; x_wconf 80' lang='lat' dir='ltr'><strong>fuerit</strong></span> <span class='ocrx_word' id='word_1_137' title='bbox 1182 3547 1294 3613; x_wconf 89' lang='lat' dir='ltr'><strong>hic</strong></span> <span class='ocrx_word' id='word_1_138' title='bbox 1326 3550 1408 3616; x_wconf 92' lang='lat' dir='ltr'><strong>P.</strong></span> <span class='ocrx_word' id='word_1_139' title='bbox 1457 3547 1781 3629; x_wconf 83' lang='lat' dir='ltr'><strong>Clodius,</strong></span> <span class='ocrx_word' id='word_1_140' title='bbox 1830 3568 1966 3613; x_wconf 89' lang='lat' dir='ltr'><strong>non</strong></span> <span class='ocrx_word' id='word_1_141' title='bbox 2033 3569 2238 3636; x_wconf 87' lang='lat' dir='ltr'><strong>repe-</strong></span> 
     </span>
     <span class='ocr_line' id='line_1_28' title="bbox 719 3638 2240 3730; baseline -0.003 -16"><span class='ocrx_word' id='word_1_142' title='bbox 719 3650 809 3714; x_wconf 88' lang='lat' dir='ltr'><strong>rit</strong></span> <span class='ocrx_word' id='word_1_143' title='bbox 856 3645 1132 3713; x_wconf 79' lang='lat' dir='ltr'><strong>Vrsinus</strong></span> <span class='ocrx_word' id='word_1_144' title='bbox 1167 3695 1187 3727; x_wconf 90' lang='lat'><strong>,</strong></span> <span class='ocrx_word' id='word_1_145' title='bbox 1240 3644 1584 3730; x_wconf 77' lang='lat' dir='ltr'><strong>unumque</strong></span> <span class='ocrx_word' id='word_1_146' title='bbox 1609 3638 1852 3728; x_wconf 65' lang='lat' dir='ltr'><strong>&#39;ajebat</strong></span> <span class='ocrx_word' id='word_1_147' title='bbox 1904 3645 2040 3711; x_wconf 90' lang='lat' dir='ltr'><strong>hoc</strong></span> <span class='ocrx_word' id='word_1_148' title='bbox 2110 3661 2240 3710; x_wconf 76' lang='lat' dir='ltr'><strong>tros</strong></span> 
     </span>
     <span class='ocr_line' id='line_1_29' title="bbox 719 3740 2241 3831; baseline -0.003 -21"><span class='ocrx_word' id='word_1_149' title='bbox 719 3745 886 3810; x_wconf 89' lang='lat' dir='ltr'><strong>scire</strong></span> <span class='ocrx_word' id='word_1_150' title='bbox 923 3743 1152 3831; x_wconf 82' lang='lat' dir='ltr'><strong>poss&#39;e,</strong></span> <span class='ocrx_word' id='word_1_151' title='bbox 1201 3740 1394 3807; x_wconf 78' lang='lat' dir='ltr'><strong>fuiss&#39;e</strong></span> <span class='ocrx_word' id='word_1_152' title='bbox 1434 3764 1586 3808; x_wconf 90' lang='lat' dir='ltr'><strong>eum</strong></span> <span class='ocrx_word' id='word_1_153' title='bbox 1638 3742 1999 3808; x_wconf 87' lang='lat' dir='ltr'><strong>IIIIvirum</strong></span> <span class='ocrx_word' id='word_1_154' title='bbox 2052 3756 2241 3824; x_wconf 85' lang='lat' dir='ltr'><strong>tum,</strong></span> 
     </span>
     <span class='ocr_line' id='line_1_30' title="bbox 721 3838 2237 3908; baseline -0.003 0"><span class='ocrx_word' id='word_1_155' title='bbox 721 3863 876 3908; x_wconf 88' lang='lat' dir='ltr'><strong>cum</strong></span> <span class='ocrx_word' id='word_1_156' title='bbox 923 3841 1347 3905; x_wconf 83' lang='lat' dir='ltr'><strong>Octavianus</strong></span> <span class='ocrx_word' id='word_1_157' title='bbox 1397 3840 1566 3904; x_wconf 76' lang='lat' dir='ltr'><strong>ess‘et</strong></span> <span class='ocrx_word' id='word_1_158' title='bbox 1610 3838 1820 3904; x_wconf 80' lang='lat' dir='ltr'><strong>IIIvir</strong></span> <span class='ocrx_word' id='word_1_159' title='bbox 1867 3841 1952 3903; x_wconf 88' lang='lat' dir='ltr'><strong>R.</strong></span> <span class='ocrx_word' id='word_1_160' title='bbox 2016 3842 2096 3906; x_wconf 88' lang='lat' dir='ltr'><strong>P.</strong></span> <span class='ocrx_word' id='word_1_161' title='bbox 2159 3838 2237 3904; x_wconf 91' lang='lat' dir='ltr'><strong>C.</strong></span> 
     </span>
     <span class='ocr_line' id='line_1_31' title="bbox 717 3934 2241 4005; baseline -0.004 0"><span class='ocrx_word' id='word_1_162' title='bbox 717 3958 928 4005; x_wconf 87' lang='lat' dir='ltr'><strong>numo</strong></span> <span class='ocrx_word' id='word_1_163' title='bbox 987 3934 1302 4000; x_wconf 79' lang='lat' dir='ltr'><strong>11.istud</strong></span> <span class='ocrx_word' id='word_1_164' title='bbox 1380 3937 1692 4002; x_wconf 85' lang='lat' dir='ltr'><strong>docente.</strong></span> <span class='ocrx_word' id='word_1_165' title='bbox 1827 3936 2241 4002; x_wconf 84' lang='lat' dir='ltr'><strong>Vaillantius</strong></span> 
     </span>
     <span class='ocr_line' id='line_1_32' title="bbox 719 4030 2243 4116; baseline -0.004 -14"><span class='ocrx_word' id='word_1_166' title='bbox 719 4036 983 4112; x_wconf 84' lang='lat' dir='ltr'><strong>censet,</strong></span> <span class='ocrx_word' id='word_1_167' title='bbox 1049 4031 1242 4096; x_wconf 77' lang='lat' dir='ltr'><strong>sume</strong></span> <span class='ocrx_word' id='word_1_168' title='bbox 1332 4030 1702 4098; x_wconf 83' lang='lat' dir='ltr'><strong>Clodium</strong></span> <span class='ocrx_word' id='word_1_169' title='bbox 1699 4031 2169 4116; x_wconf 76' lang='lat' dir='ltr'><strong>Bithynicum</strong></span> <span class='ocrx_word' id='word_1_170' title='bbox 2221 4078 2243 4112; x_wconf 94' lang='lat'><strong>,</strong></span> 
     </span>
     <span class='ocr_line' id='line_1_33' title="bbox 721 4128 2244 4219; baseline -0.004 -22"><span class='ocrx_word' id='word_1_171' title='bbox 721 4153 971 4219; x_wconf 86' lang='lat' dir='ltr'><strong>quem,</strong></span> <span class='ocrx_word' id='word_1_172' title='bbox 1024 4129 1210 4216; x_wconf 91' lang='lat' dir='ltr'><strong>quod</strong></span> <span class='ocrx_word' id='word_1_173' title='bbox 1243 4129 1631 4195; x_wconf 85' lang='lat' dir='ltr'><strong>Octaviano</strong></span> <span class='ocrx_word' id='word_1_174' title='bbox 1668 4129 2082 4215; x_wconf 82' lang='lat' dir='ltr'><strong>pertinacius</strong></span> <span class='ocrx_word' id='word_1_175' title='bbox 2122 4128 2244 4192; x_wconf 89' lang='lat' dir='ltr'><strong>ad-</strong></span> 
     </span>
     <span class='ocr_line' id='line_1_34' title="bbox 659 4223 2244 4313; baseline -0.004 -18"><span class='ocrx_word' id='word_1_176' title='bbox 659 4297 670 4302; x_wconf 62' lang='lat'>„</span> <span class='ocrx_word' id='word_1_177' title='bbox 717 4229 1136 4307; x_wconf 82' lang='lat' dir='ltr'><strong>versaretur,</strong></span> <span class='ocrx_word' id='word_1_178' title='bbox 1210 4239 1421 4313; x_wconf 89' lang='lat' dir='ltr'><strong>capta</strong></span> <span class='ocrx_word' id='word_1_179' title='bbox 1481 4223 1755 4291; x_wconf 82' lang='lat' dir='ltr'><strong>Perulia</strong></span> <span class='ocrx_word' id='word_1_180' title='bbox 1808 4223 2244 4289; x_wconf 89' lang='lat' dir='ltr'><strong>interfectum</strong></span> 
     </span>
     <span class='ocr_line' id='line_1_35' title="bbox 701 4322 2244 4411; baseline -0.001 -26"><span class='ocrx_word' id='word_1_181' title='bbox 701 4338 968 4391; x_wconf 75' lang='lat' dir='ltr'><strong>,narrat</strong></span> <span class='ocrx_word' id='word_1_182' title='bbox 988 4327 1384 4411; x_wconf 73' lang='lat' dir='ltr'><strong>Appianas,</strong></span> <span class='ocrx_word' id='word_1_183' title='bbox 1437 4322 1502 4409; x_wconf 78' lang='lat'><strong>⁸)</strong></span> <span class='ocrx_word' id='word_1_184' title='bbox 1556 4322 1743 4407; x_wconf 82' lang='lat' dir='ltr'><strong>quod</strong></span> <span class='ocrx_word' id='word_1_185' title='bbox 1807 4340 2103 4399; x_wconf 78' lang='lat' dir='ltr'><strong>verene,</strong></span> <span class='ocrx_word' id='word_1_186' title='bbox 2156 4341 2244 4384; x_wconf 91' lang='lat' dir='ltr'><strong>an</strong></span> 
     </span>
     <span class='ocr_line' id='line_1_36' title="bbox 716 4416 2244 4497; baseline -0.005 -10"><span class='ocrx_word' id='word_1_187' title='bbox 716 4422 890 4488; x_wconf 82' lang='lat' dir='ltr'><strong>falso</strong></span> <span class='ocrx_word' id='word_1_188' title='bbox 923 4421 1260 4488; x_wconf 76' lang='lat' dir='ltr'><strong>adsertam</strong></span> <span class='ocrx_word' id='word_1_189' title='bbox 1300 4419 1396 4497; x_wconf 85' lang='lat' dir='ltr'><strong>fit,</strong></span> <span class='ocrx_word' id='word_1_190' title='bbox 1448 4439 1588 4483; x_wconf 88' lang='lat' dir='ltr'><strong>non</strong></span> <span class='ocrx_word' id='word_1_191' title='bbox 1627 4417 1899 4494; x_wconf 82' lang='lat' dir='ltr'><strong>decido,</strong></span> <span class='ocrx_word' id='word_1_192' title='bbox 1953 4416 2068 4480; x_wconf 81' lang='lat' dir='ltr'><strong>etii</strong></span> <span class='ocrx_word' id='word_1_193' title='bbox 2104 4437 2244 4480; x_wconf 88' lang='lat' dir='ltr'><strong>cer-</strong></span> 
     </span>
    </p>
   </div>
   <div class='ocr_carea' id='block_1_6' title="bbox 717 4514 2245 4596">
    <p class='ocr_par' dir='ltr' id='par_1_14' title="bbox 717 4514 2245 4596">
     <span class='ocr_line' id='line_1_37' title="bbox 717 4514 2245 4596; baseline -0.005 -11"><span class='ocrx_word' id='word_1_194' title='bbox 717 4535 862 4586; x_wconf 84' lang='lat' dir='ltr'><strong>tum</strong></span> <span class='ocrx_word' id='word_1_195' title='bbox 895 4519 1011 4596; x_wconf 84' lang='lat' dir='ltr'><strong>fit,</strong></span> <span class='ocrx_word' id='word_1_196' title='bbox 1063 4518 1308 4583; x_wconf 82' lang='lat' dir='ltr'>numos</span> <span class='ocrx_word' id='word_1_197' title='bbox 1343 4518 1471 4583; x_wconf 83' lang='lat' dir='ltr'><strong>hos</strong></span> <span class='ocrx_word' id='word_1_198' title='bbox 1506 4514 1625 4578; x_wconf 88' lang='lat' dir='ltr'><strong>sub</strong></span> <span class='ocrx_word' id='word_1_199' title='bbox 1665 4515 1933 4579; x_wconf 88' lang='lat' dir='ltr'><strong>initium</strong></span> <span class='ocrx_word' id='word_1_200' title='bbox 1960 4514 2245 4578; x_wconf 87' lang='lat' dir='ltr'><strong>Illvira-</strong></span> 
     </span>
    </p>
   </div>
   <div class='ocr_carea' id='block_1_7' title="bbox 791 4731 2123 4807">
    <p class='ocr_par' dir='ltr' id='par_1_15' title="bbox 791 4731 2123 4807">
     <span class='ocr_line' id='line_1_38' title="bbox 791 4731 2123 4807; baseline -0.006 -15"><span class='ocrx_word' id='word_1_201' title='bbox 791 4734 849 4807; x_wconf 66' lang='grc' dir='ltr'>ι)</span> <span class='ocrx_word' id='word_1_202' title='bbox 884 4736 1029 4792; x_wconf 86' lang='lat' dir='ltr'><strong>Bell.</strong></span> <span class='ocrx_word' id='word_1_203' title='bbox 1064 4739 1168 4791; x_wconf 81' lang='lat' dir='ltr'><strong>civ.</strong></span> <span class='ocrx_word' id='word_1_204' title='bbox 1203 4735 1381 4797; x_wconf 80' lang='lat' dir='ltr'><strong>L.·v.</strong></span> <span class='ocrx_word' id='word_1_205' title='bbox 1437 4739 1446 4745; x_wconf 88' lang='grc'><em>“</em></span> <span class='ocrx_word' id='word_1_206' title='bbox 1574 4732 1647 4805; x_wconf 88' lang='lat' dir='ltr'><strong>b)</strong></span> <span class='ocrx_word' id='word_1_207' title='bbox 1678 4732 1751 4789; x_wconf 76' lang='lat' dir='ltr'><strong>T.</strong></span> <span class='ocrx_word' id='word_1_208' title='bbox 1786 4731 1864 4794; x_wconf 84' lang='lat'><strong>11,</strong></span> <span class='ocrx_word' id='word_1_209' title='bbox 1899 4749 1962 4805; x_wconf 75' lang='lat' dir='ltr'><strong>p,</strong></span> <span class='ocrx_word' id='word_1_210' title='bbox 2003 4748 2123 4801; x_wconf 81' lang='lat'><strong>127.</strong></span> 
     </span>
    </p>
   </div>
   <div class='ocr_carea' id='block_1_8' title="bbox 1951 626 2588 714">
    <p class='ocr_par' dir='ltr' id='par_1_16' title="bbox 1951 626 2588 714">
     <span class='ocr_line' id='line_1_39' title="bbox 1951 626 2588 714; baseline -0.005 -7"><span class='ocrx_word' id='word_1_211' title='bbox 1951 626 2588 714; x_wconf 87' lang='lat' dir='ltr'><strong>CLAVDIA.</strong></span> 
     </span>
    </p>
   </div>
   <div class='ocr_carea' id='block_1_9' title="bbox 2302 811 3840 3147">
    <p class='ocr_par' dir='ltr' id='par_1_17' title="bbox 2304 811 3835 1302">
     <span class='ocr_line' id='line_1_40' title="bbox 2304 811 3835 923; baseline 0.008 -28"><span class='ocrx_word' id='word_1_212' title='bbox 2304 843 2413 896; x_wconf 83' lang='lat' dir='ltr'><strong>tus</strong></span> <span class='ocrx_word' id='word_1_213' title='bbox 2449 828 2816 897; x_wconf 83' lang='lat' dir='ltr'><strong>Octaviani</strong></span> <span class='ocrx_word' id='word_1_214' title='bbox 2857 840 2923 894; x_wconf 87' lang='lat' dir='ltr'><strong>et</strong></span> <span class='ocrx_word' id='word_1_215' title='bbox 2963 826 3241 895; x_wconf 84' lang='lat' dir='ltr'><strong>Antonii</strong></span> <span class='ocrx_word' id='word_1_216' title='bbox 3276 828 3590 919; x_wconf 84' lang='lat' dir='ltr'><strong>fignatos,</strong></span> <span class='ocrx_word' id='word_1_217' title='bbox 3642 811 3835 923; x_wconf 41' lang='lat' dir='ltr'><strong>quod·</strong></span> 
     </span>
     <span class='ocr_line' id='line_1_41' title="bbox 2304 925 3816 1019; baseline 0.007 -28"><span class='ocrx_word' id='word_1_218' title='bbox 2304 925 2655 992; x_wconf 86' lang='lat' dir='ltr'><strong>manifeste</strong></span> <span class='ocrx_word' id='word_1_219' title='bbox 2687 939 2979 1015; x_wconf 85' lang='lat' dir='ltr'><strong>apparet</strong></span> <span class='ocrx_word' id='word_1_220' title='bbox 3018 947 3106 1010; x_wconf 80' lang='lat' dir='ltr'><strong>ex</strong></span> <span class='ocrx_word' id='word_1_221' title='bbox 3196 926 3414 995; x_wconf 89' lang='lat' dir='ltr'><strong>barba</strong></span> <span class='ocrx_word' id='word_1_222' title='bbox 3493 938 3816 1019; x_wconf 84' lang='lat' dir='ltr'><strong>Antonii,</strong></span> 
     </span>
     <span class='ocr_line' id='line_1_42' title="bbox 2307 1023 3817 1117; baseline 0.008 -31"><span class='ocrx_word' id='word_1_223' title='bbox 2307 1044 2514 1109; x_wconf 88' lang='lat' dir='ltr'><strong>quam</strong></span> <span class='ocrx_word' id='word_1_224' title='bbox 2563 1027 2621 1088; x_wconf 86' lang='lat' dir='ltr'><strong>is</strong></span> <span class='ocrx_word' id='word_1_225' title='bbox 2653 1027 2904 1090; x_wconf 85' lang='lat' dir='ltr'><strong>circum</strong></span> <span class='ocrx_word' id='word_1_226' title='bbox 2943 1023 3117 1088; x_wconf 88' lang='lat' dir='ltr'><strong>haec</strong></span> <span class='ocrx_word' id='word_1_227' title='bbox 3152 1036 3471 1113; x_wconf 85' lang='lat' dir='ltr'><strong>tempora</strong></span> <span class='ocrx_word' id='word_1_228' title='bbox 3500 1033 3817 1117; x_wconf 72' lang='lat' dir='ltr'><strong>promisit,</strong></span> 
     </span>
     <span class='ocr_line' id='line_1_43' title="bbox 2305 1120 3820 1208; baseline 0.009 -25"><span class='ocrx_word' id='word_1_229' title='bbox 2305 1140 2390 1184; x_wconf 91' lang='lat' dir='ltr'><strong>ac</strong></span> <span class='ocrx_word' id='word_1_230' title='bbox 2426 1121 2667 1208; x_wconf 89' lang='lat' dir='ltr'><strong>paullo</strong></span> <span class='ocrx_word' id='word_1_231' title='bbox 2699 1120 2846 1208; x_wconf 90' lang='lat' dir='ltr'><strong>post</strong></span> <span class='ocrx_word' id='word_1_232' title='bbox 2918 1123 3251 1204; x_wconf 84' lang='lat' dir='ltr'><strong>attondit,</strong></span> <span class='ocrx_word' id='word_1_233' title='bbox 3305 1137 3380 1187; x_wconf 93' lang='lat' dir='ltr'><strong>ut</strong></span> <span class='ocrx_word' id='word_1_234' title='bbox 3449 1128 3711 1194; x_wconf 88' lang='lat' dir='ltr'><strong>dicetur</strong></span> <span class='ocrx_word' id='word_1_235' title='bbox 3756 1134 3820 1198; x_wconf 88' lang='lat' dir='ltr'><strong>in</strong></span> 
     </span>
     <span class='ocr_line' id='line_1_44' title="bbox 2306 1209 2745 1302; baseline 0.005 -22"><span class='ocrx_word' id='word_1_236' title='bbox 2306 1221 2449 1302; x_wconf 88' lang='lat' dir='ltr'><strong>ejus</strong></span> <span class='ocrx_word' id='word_1_237' title='bbox 2498 1209 2745 1282; x_wconf 77' lang='lat' dir='ltr'><strong>nuruis,</strong></span> 
     </span>
    </p>

    <p class='ocr_par' dir='ltr' id='par_1_18' title="bbox 2302 1311 3840 3147">
     <span class='ocr_line' id='line_1_45' title="bbox 2403 1311 3837 1408; baseline 0.007 -30"><span class='ocrx_word' id='word_1_238' title='bbox 2403 1315 2813 1380; x_wconf 89' lang='lat' dir='ltr'><strong>Vaillantius</strong></span> <span class='ocrx_word' id='word_1_239' title='bbox 2881 1329 2949 1379; x_wconf 85' lang='lat' dir='ltr'><strong>et</strong></span> <span class='ocrx_word' id='word_1_240' title='bbox 3038 1316 3561 1408; x_wconf 86' lang='lat' dir='ltr'><strong>Havercampus</strong></span> <span class='ocrx_word' id='word_1_241' title='bbox 3639 1311 3837 1389; x_wconf 78' lang='lat' dir='ltr'><strong>nullo&#39;</strong></span> 
     </span>
     <span class='ocr_line' id='line_1_46' title="bbox 2305 1412 3822 1499; baseline 0.007 -25"><span class='ocrx_word' id='word_1_242' title='bbox 2305 1414 2585 1497; x_wconf 87' lang='lat' dir='ltr'><strong>negotio</strong></span> <span class='ocrx_word' id='word_1_243' title='bbox 2625 1412 2872 1477; x_wconf 87' lang='lat' dir='ltr'><strong>horum</strong></span> <span class='ocrx_word' id='word_1_244' title='bbox 2923 1424 3130 1499; x_wconf 80' lang='lat' dir='ltr'><strong>typos</strong></span> <span class='ocrx_word' id='word_1_245' title='bbox 3179 1434 3539 1479; x_wconf 88' lang='lat' dir='ltr'><strong>numorum</strong></span> <span class='ocrx_word' id='word_1_246' title='bbox 3590 1419 3682 1483; x_wconf 83' lang='lat' dir='ltr'><strong>ad</strong></span> <span class='ocrx_word' id='word_1_247' title='bbox 3730 1421 3822 1485; x_wconf 87' lang='lat' dir='ltr'><strong>lu·</strong></span> 
     </span>
     <span class='ocr_line' id='line_1_47' title="bbox 2308 1508 3825 1604; baseline 0.007 -33"><span class='ocrx_word' id='word_1_248' title='bbox 2308 1508 2436 1584; x_wconf 87' lang='lat' dir='ltr'><strong>dos</strong></span> <span class='ocrx_word' id='word_1_249' title='bbox 2470 1509 2938 1596; x_wconf 85' lang='lat' dir='ltr'><strong>Apollinares,</strong></span> <span class='ocrx_word' id='word_1_250' title='bbox 2991 1511 3301 1596; x_wconf 88' lang='lat' dir='ltr'><strong>aliasque</strong></span> <span class='ocrx_word' id='word_1_251' title='bbox 3341 1516 3480 1596; x_wconf 88' lang='lat' dir='ltr'><strong>ejus</strong></span> <span class='ocrx_word' id='word_1_252' title='bbox 3515 1518 3670 1579; x_wconf 88' lang='lat' dir='ltr'><strong>aevi</strong></span> <span class='ocrx_word' id='word_1_253' title='bbox 3712 1537 3825 1604; x_wconf 86' lang='lat' dir='ltr'><strong>pe</strong></span> 
     </span>
     <span class='ocr_line' id='line_1_48' title="bbox 2308 1602 3821 1701; baseline 0.007 -34"><span class='ocrx_word' id='word_1_254' title='bbox 2308 1602 2563 1670; x_wconf 79' lang='lat' dir='ltr'><strong>ristases</strong></span> <span class='ocrx_word' id='word_1_255' title='bbox 2614 1606 2912 1671; x_wconf 89' lang='lat' dir='ltr'><strong>trahunt.</strong></span> <span class='ocrx_word' id='word_1_256' title='bbox 3015 1609 3247 1671; x_wconf 88' lang='lat' dir='ltr'><strong>Minus</strong></span> <span class='ocrx_word' id='word_1_257' title='bbox 3307 1629 3434 1695; x_wconf 86' lang='lat' dir='ltr'><strong>ego</strong></span> <span class='ocrx_word' id='word_1_258' title='bbox 3493 1625 3613 1675; x_wconf 86' lang='lat' dir='ltr'><strong>aut</strong></span> <span class='ocrx_word' id='word_1_259' title='bbox 3667 1635 3821 1701; x_wconf 84' lang='lat' dir='ltr'><strong>per-</strong></span> 
     </span>
     <span class='ocr_line' id='line_1_49' title="bbox 2302 1700 3821 1794; baseline 0.008 -31"><span class='ocrx_word' id='word_1_260' title='bbox 2302 1700 2543 1786; x_wconf 82' lang='lat' dir='ltr'><strong>spicax</strong></span> <span class='ocrx_word' id='word_1_261' title='bbox 2576 1715 2696 1768; x_wconf 90' lang='lat' dir='ltr'><strong>aut</strong></span> <span class='ocrx_word' id='word_1_262' title='bbox 2728 1703 3040 1767; x_wconf 89' lang='lat' dir='ltr'><strong>credulus</strong></span> <span class='ocrx_word' id='word_1_263' title='bbox 3076 1717 3283 1790; x_wconf 81' lang='lat' dir='ltr'><strong>typos</strong></span> <span class='ocrx_word' id='word_1_264' title='bbox 3310 1704 3439 1769; x_wconf 89' lang='lat' dir='ltr'><strong>hos</strong></span> <span class='ocrx_word' id='word_1_265' title='bbox 3511 1709 3821 1794; x_wconf 78' lang='lat' dir='ltr'><strong>privatae</strong></span> 
     </span>
     <span class='ocr_line' id='line_1_50' title="bbox 2311 1795 3823 1891; baseline 0.007 -31"><span class='ocrx_word' id='word_1_266' title='bbox 2311 1795 2539 1862; x_wconf 90' lang='lat' dir='ltr'><strong>Clodii</strong></span> <span class='ocrx_word' id='word_1_267' title='bbox 2579 1800 2892 1885; x_wconf 86' lang='lat' dir='ltr'><strong>religioni</strong></span> <span class='ocrx_word' id='word_1_268' title='bbox 2933 1801 3239 1886; x_wconf 88' lang='lat' dir='ltr'><strong>imputo,</strong></span> <span class='ocrx_word' id='word_1_269' title='bbox 3293 1816 3415 1866; x_wconf 90' lang='lat' dir='ltr'><strong>aut</strong></span> <span class='ocrx_word' id='word_1_270' title='bbox 3452 1803 3564 1867; x_wconf 75' lang='lat' dir='ltr'><strong>etsi</strong></span> <span class='ocrx_word' id='word_1_271' title='bbox 3601 1807 3823 1891; x_wconf 89' lang='lat' dir='ltr'><strong>publi-</strong></span> 
     </span>
     <span class='ocr_line' id='line_1_51' title="bbox 2311 1892 3825 1985; baseline 0.009 -29"><span class='ocrx_word' id='word_1_272' title='bbox 2311 1914 2397 1957; x_wconf 90' lang='lat' dir='ltr'><strong>ca</strong></span> <span class='ocrx_word' id='word_1_273' title='bbox 2434 1892 2627 1961; x_wconf 85' lang='lat' dir='ltr'><strong>facta</strong></span> <span class='ocrx_word' id='word_1_274' title='bbox 2664 1899 2804 1979; x_wconf 87' lang='lat' dir='ltr'><strong>ejus</strong></span> <span class='ocrx_word' id='word_1_275' title='bbox 2862 1899 3190 1985; x_wconf 87' lang='lat' dir='ltr'><strong>temporis</strong></span> <span class='ocrx_word' id='word_1_276' title='bbox 3243 1899 3641 1984; x_wconf 87' lang='lat' dir='ltr'><strong>respiciunt,</strong></span> <span class='ocrx_word' id='word_1_277' title='bbox 3693 1924 3825 1969; x_wconf 88' lang='lat' dir='ltr'><strong>non</strong></span> 
     </span>
     <span class='ocr_line' id='line_1_52' title="bbox 2309 1989 3827 2086; baseline 0.008 -32"><span class='ocrx_word' id='word_1_278' title='bbox 2309 1989 2466 2055; x_wconf 85' lang='lat' dir='ltr'><strong>satis</strong></span> <span class='ocrx_word' id='word_1_279' title='bbox 2506 1993 2713 2057; x_wconf 81' lang='lat' dir='ltr'><strong>video</strong></span> <span class='ocrx_word' id='word_1_280' title='bbox 2780 1993 3143 2077; x_wconf 78' lang='lat' dir='ltr'><strong>loquaces,</strong></span> <span class='ocrx_word' id='word_1_281' title='bbox 3232 2007 3310 2059; x_wconf 88' lang='lat' dir='ltr'><strong>ut</strong></span> <span class='ocrx_word' id='word_1_282' title='bbox 3357 2010 3615 2062; x_wconf 87' lang='lat' dir='ltr'><strong>certum</strong></span> <span class='ocrx_word' id='word_1_283' title='bbox 3666 2003 3827 2086; x_wconf 91' lang='lat' dir='ltr'><strong>quid</strong></span> 
     </span>
     <span class='ocr_line' id='line_1_53' title="bbox 2309 2086 3824 2177; baseline 0.009 -28"><span class='ocrx_word' id='word_1_284' title='bbox 2309 2086 2468 2154; x_wconf 88' lang='lat' dir='ltr'><strong>inde</strong></span> <span class='ocrx_word' id='word_1_285' title='bbox 2504 2091 2661 2155; x_wconf 87' lang='lat' dir='ltr'><strong>duci</strong></span> <span class='ocrx_word' id='word_1_286' title='bbox 2694 2090 2925 2177; x_wconf 80' lang='lat' dir='ltr'><strong>possit.</strong></span> <span class='ocrx_word' id='word_1_287' title='bbox 2980 2091 3430 2177; x_wconf 79' lang='lat' dir='ltr'><strong>spanhemius</strong></span> <span class='ocrx_word' id='word_1_288' title='bbox 3462 2114 3581 2158; x_wconf 88' lang='lat' dir='ltr'><strong>eos</strong></span> <span class='ocrx_word' id='word_1_289' title='bbox 3612 2098 3704 2162; x_wconf 91' lang='lat' dir='ltr'><strong>ad</strong></span> <span class='ocrx_word' id='word_1_290' title='bbox 3731 2099 3824 2162; x_wconf 86' lang='lat' dir='ltr'><strong>lu-</strong></span> 
     </span>
     <span class='ocr_line' id='line_1_54' title="bbox 2312 2177 3825 2272; baseline 0.008 -23"><span class='ocrx_word' id='word_1_291' title='bbox 2312 2184 2440 2250; x_wconf 81' lang='lat' dir='ltr'><strong>dos</strong></span> <span class='ocrx_word' id='word_1_292' title='bbox 2479 2186 2857 2251; x_wconf 80' lang='lat' dir='ltr'><strong>saeculares</strong></span> <span class='ocrx_word' id='word_1_293' title='bbox 2895 2186 3123 2253; x_wconf 85' lang='lat' dir='ltr'><strong>refert.</strong></span> <span class='ocrx_word' id='word_1_294' title='bbox 3191 2177 3255 2272; x_wconf 79' lang='lat'><strong>¹’)</strong></span> <span class='ocrx_word' id='word_1_295' title='bbox 3354 2189 3432 2253; x_wconf 90' lang='lat' dir='ltr'><strong>In</strong></span> <span class='ocrx_word' id='word_1_296' title='bbox 3466 2211 3674 2257; x_wconf 91' lang='lat' dir='ltr'><strong>numo</strong></span> <span class='ocrx_word' id='word_1_297' title='bbox 3710 2195 3825 2261; x_wconf 91' lang='lat' dir='ltr'><strong>IV.</strong></span> 
     </span>
     <span class='ocr_line' id='line_1_55' title="bbox 2314 2282 3827 2371; baseline 0.007 -26"><span class='ocrx_word' id='word_1_298' title='bbox 2314 2296 2572 2348; x_wconf 82' lang='lat' dir='ltr'><strong>certum</strong></span> <span class='ocrx_word' id='word_1_299' title='bbox 2617 2282 2706 2347; x_wconf 91' lang='lat' dir='ltr'><strong>est</strong></span> <span class='ocrx_word' id='word_1_300' title='bbox 2737 2295 2945 2370; x_wconf 89' lang='lat' dir='ltr'><strong>caput</strong></span> <span class='ocrx_word' id='word_1_301' title='bbox 2975 2285 3330 2365; x_wconf 88' lang='lat' dir='ltr'><strong>muliebre,</strong></span> <span class='ocrx_word' id='word_1_302' title='bbox 3383 2290 3568 2371; x_wconf 88' lang='lat' dir='ltr'><strong>quod</strong></span> <span class='ocrx_word' id='word_1_303' title='bbox 3604 2292 3827 2356; x_wconf 88' lang='lat' dir='ltr'><strong>crede-</strong></span> 
     </span>
     <span class='ocr_line' id='line_1_56' title="bbox 2311 2381 3835 2462; baseline 0.008 -21"><span class='ocrx_word' id='word_1_304' title='bbox 2311 2399 2387 2442; x_wconf 88' lang='lat' dir='ltr'><strong>re</strong></span> <span class='ocrx_word' id='word_1_305' title='bbox 2416 2381 2654 2462; x_wconf 85' lang='lat' dir='ltr'><strong>jubent</strong></span> <span class='ocrx_word' id='word_1_306' title='bbox 2687 2383 2901 2447; x_wconf 87' lang='lat' dir='ltr'><strong>crines</strong></span> <span class='ocrx_word' id='word_1_307' title='bbox 2959 2382 3359 2446; x_wconf 82' lang='lat' dir='ltr'><strong>muliebrem</strong></span> <span class='ocrx_word' id='word_1_308' title='bbox 3444 2386 3514 2448; x_wconf 90' lang='lat' dir='ltr'><strong>in</strong></span> <span class='ocrx_word' id='word_1_309' title='bbox 3569 2403 3835 2452; x_wconf 85' lang='lat' dir='ltr'><strong>morem·</strong></span> 
     </span>
     <span class='ocr_line' id='line_1_57' title="bbox 2316 2476 3834 2571; baseline 0.005 -29"><span class='ocrx_word' id='word_1_310' title='bbox 2316 2476 2652 2564; x_wconf 75' lang='lat' dir='ltr'><strong>dispositi,</strong></span> <span class='ocrx_word' id='word_1_311' title='bbox 2708 2490 2775 2541; x_wconf 89' lang='lat' dir='ltr'><strong>et</strong></span> <span class='ocrx_word' id='word_1_312' title='bbox 2827 2476 3222 2542; x_wconf 85' lang='lat' dir='ltr'><strong>manifestae</strong></span> <span class='ocrx_word' id='word_1_313' title='bbox 3264 2482 3577 2562; x_wconf 77' lang='lat' dir='ltr'><strong>inaureS,</strong></span> <span class='ocrx_word' id='word_1_314' title='bbox 3665 2505 3834 2571; x_wconf 81' lang='lat' dir='ltr'><strong>quas</strong></span> 
     </span>
     <span class='ocr_line' id='line_1_58' title="bbox 2317 2573 3830 2662; baseline 0.005 -24"><span class='ocrx_word' id='word_1_315' title='bbox 2317 2573 2604 2640; x_wconf 83' lang='lat' dir='ltr'><strong>ostentat</strong></span> <span class='ocrx_word' id='word_1_316' title='bbox 2641 2595 2795 2641; x_wconf 89' lang='lat' dir='ltr'><strong>cum</strong></span> <span class='ocrx_word' id='word_1_317' title='bbox 2835 2577 3105 2662; x_wconf 85' lang='lat' dir='ltr'><strong>pictura</strong></span> <span class='ocrx_word' id='word_1_318' title='bbox 3136 2577 3551 2643; x_wconf 79' lang='lat' dir='ltr'><strong>Motelliana</strong></span> <span class='ocrx_word' id='word_1_319' title='bbox 3575 2629 3595 2658; x_wconf 90' lang='lat'><strong>,</strong></span> <span class='ocrx_word' id='word_1_320' title='bbox 3686 2594 3830 2645; x_wconf 85' lang='lat' dir='ltr'><strong>tum</strong></span> 
     </span>
     <span class='ocr_line' id='line_1_59' title="bbox 2317 2672 3835 2758; baseline 0.007 -21"><span class='ocrx_word' id='word_1_321' title='bbox 2317 2672 2635 2738; x_wconf 86' lang='lat' dir='ltr'><strong>denarius</strong></span> <span class='ocrx_word' id='word_1_322' title='bbox 2684 2673 3154 2758; x_wconf 83' lang='lat' dir='ltr'><strong>integerrimus</strong></span> <span class='ocrx_word' id='word_1_323' title='bbox 3229 2675 3437 2738; x_wconf 89' lang='lat' dir='ltr'><strong>musei</strong></span> <span class='ocrx_word' id='word_1_324' title='bbox 3497 2675 3835 2747; x_wconf 85' lang='lat' dir='ltr'><strong>Caesarei.</strong></span> 
     </span>
     <span class='ocr_line' id='line_1_60' title="bbox 2316 2769 3833 2857; baseline 0.006 -24"><span class='ocrx_word' id='word_1_325' title='bbox 2316 2769 2506 2853; x_wconf 80' lang='lat' dir='ltr'><strong>Lyra</strong></span> <span class='ocrx_word' id='word_1_326' title='bbox 2541 2769 2861 2834; x_wconf 85' lang='lat' dir='ltr'><strong>adstitnta</strong></span> <span class='ocrx_word' id='word_1_327' title='bbox 2916 2770 3278 2856; x_wconf 86' lang='lat' dir='ltr'><strong>persuadet</strong></span> <span class='ocrx_word' id='word_1_328' title='bbox 3324 2772 3457 2835; x_wconf 78' lang='lat' dir='ltr'><strong>ess&#39;e</strong></span> <span class='ocrx_word' id='word_1_329' title='bbox 3528 2775 3833 2857; x_wconf 81' lang='lat' dir='ltr'><strong>Musam,</strong></span> 
     </span>
     <span class='ocr_line' id='line_1_61' title="bbox 2314 2863 3838 2954; baseline 0.005 -23"><span class='ocrx_word' id='word_1_330' title='bbox 2314 2863 2432 2931; x_wconf 77' lang='lat' dir='ltr'><strong>niti</strong></span> <span class='ocrx_word' id='word_1_331' title='bbox 2467 2879 2677 2954; x_wconf 88' lang='lat' dir='ltr'><strong>caput</strong></span> <span class='ocrx_word' id='word_1_332' title='bbox 2719 2865 2806 2931; x_wconf 89' lang='lat' dir='ltr'><strong>est</strong></span> <span class='ocrx_word' id='word_1_333' title='bbox 2856 2866 3320 2953; x_wconf 83' lang='lat' dir='ltr'><strong>allegoricum.</strong></span> <span class='ocrx_word' id='word_1_334' title='bbox 3423 2871 3615 2935; x_wconf 88' lang='lat' dir='ltr'><strong>Haec</strong></span> <span class='ocrx_word' id='word_1_335' title='bbox 3691 2890 3838 2938; x_wconf 77' lang='lat' dir='ltr'><strong>mo·-</strong></span> 
     </span>
     <span class='ocr_line' id='line_1_62' title="bbox 2316 2962 3838 3048; baseline 0.005 -21"><span class='ocrx_word' id='word_1_336' title='bbox 2316 2962 2472 3042; x_wconf 90' lang='lat' dir='ltr'><strong>nui,</strong></span> <span class='ocrx_word' id='word_1_337' title='bbox 2527 2966 2851 3048; x_wconf 89' lang='lat' dir='ltr'><strong>quoniam</strong></span> <span class='ocrx_word' id='word_1_338' title='bbox 2884 2963 3399 3029; x_wconf 85' lang='lat' dir='ltr'><strong>Vaillantius.et</strong></span> <span class='ocrx_word' id='word_1_339' title='bbox 3421 2968 3838 3035; x_wconf 84' lang='lat' dir='ltr'><strong>Havercam-</strong></span> 
     </span>
     <span class='ocr_line' id='line_1_63' title="bbox 2314 3059 3840 3147; baseline 0.007 -26"><span class='ocrx_word' id='word_1_340' title='bbox 2314 3077 2443 3147; x_wconf 88' lang='lat' dir='ltr'><strong>pus</strong></span> <span class='ocrx_word' id='word_1_341' title='bbox 2483 3061 2611 3125; x_wconf 86' lang='lat' dir='ltr'><strong>ess&#39;e</strong></span> <span class='ocrx_word' id='word_1_342' title='bbox 2651 3072 2859 3147; x_wconf 87' lang='lat' dir='ltr'><strong>caput</strong></span> <span class='ocrx_word' id='word_1_343' title='bbox 2889 3059 3228 3145; x_wconf 85' lang='lat' dir='ltr'><strong>Apollinis</strong></span> <span class='ocrx_word' id='word_1_344' title='bbox 3265 3062 3682 3130; x_wconf 86' lang='lat' dir='ltr'><strong>confidenter</strong></span> <span class='ocrx_word' id='word_1_345' title='bbox 3720 3065 3840 3129; x_wconf 87' lang='lat' dir='ltr'><strong>sta-</strong></span> 
     </span>
    </p>
   </div>
   <div class='ocr_carea' id='block_1_10' title="bbox 2240 3148 3841 3249">
    <p class='ocr_par' dir='ltr' id='par_1_19' title="bbox 2240 3148 3841 3249">
     <span class='ocr_line' id='line_1_64' title="bbox 2240 3148 3841 3249; baseline 0.006 -30"><span class='ocrx_word' id='word_1_346' title='bbox 2240 3200 2250 3207; x_wconf 85' lang='lat'><strong>·</strong></span> <span class='ocrx_word' id='word_1_347' title='bbox 2315 3167 2550 3243; x_wconf 80' lang='lat' dir='ltr'><strong>munt,</strong></span> <span class='ocrx_word' id='word_1_348' title='bbox 2600 3158 2848 3240; x_wconf 85' lang='lat' dir='ltr'><strong>credo,</strong></span> <span class='ocrx_word' id='word_1_349' title='bbox 2901 3176 2986 3220; x_wconf 88' lang='lat' dir='ltr'><strong>ne</strong></span> <span class='ocrx_word' id='word_1_350' title='bbox 3029 3148 3124 3220; x_wconf 76' lang='lat' dir='ltr'><strong>sui</strong></span> <span class='ocrx_word' id='word_1_351' title='bbox 3157 3156 3278 3222; x_wconf 87' lang='lat' dir='ltr'><strong>fibi</strong></span> <span class='ocrx_word' id='word_1_352' title='bbox 3308 3158 3453 3224; x_wconf 89' lang='lat' dir='ltr'><strong>ludi</strong></span> <span class='ocrx_word' id='word_1_353' title='bbox 3490 3163 3841 3249; x_wconf 78' lang='lat' dir='ltr'><strong>Apollina-</strong></span> 
     </span>
    </p>
   </div>
   <div class='ocr_carea' id='block_1_11' title="bbox 2315 3253 3104 3386">
    <p class='ocr_par' dir='ltr' id='par_1_20' title="bbox 2315 3253 3104 3386">
     <span class='ocr_line' id='line_1_65' title="bbox 2315 3253 2954 3341; baseline 0 -24"><span class='ocrx_word' id='word_1_354' title='bbox 2315 3272 2424 3318; x_wconf 88' lang='lat' dir='ltr'><strong>res</strong></span> <span class='ocrx_word' id='word_1_355' title='bbox 2463 3253 2717 3341; x_wconf 82' lang='lat' dir='ltr'><strong>pess&#39;um</strong></span> <span class='ocrx_word' id='word_1_356' title='bbox 2772 3267 2954 3319; x_wconf 85' lang='lat' dir='ltr'><strong>eant.</strong></span> 
     </span>
     <span class='ocr_line' id='line_1_66' title="bbox 3071 3351 3104 3386; baseline 0 0"><span class='ocrx_word' id='word_1_357' title='bbox 3071 3351 3104 3386; x_wconf 57' lang='grc' dir='ltr'><strong><em>ἢ</em></strong></span> 
     </span>
    </p>
   </div>
   <div class='ocr_carea' id='block_1_12' title="bbox 2607 3446 3852 3641">
    <p class='ocr_par' dir='ltr' id='par_1_21' title="bbox 2607 3446 3852 3641">
     <span class='ocr_line' id='line_1_67' title="bbox 2608 3446 3845 3540; baseline 0.006 -26"><span class='ocrx_word' id='word_1_358' title='bbox 2608 3447 2687 3514; x_wconf 94' lang='lat' dir='ltr'><strong>C.</strong></span> <span class='ocrx_word' id='word_1_359' title='bbox 2722 3446 3143 3517; x_wconf 91' lang='lat' dir='ltr'><strong>CLODIVS.</strong></span> <span class='ocrx_word' id='word_1_360' title='bbox 3187 3450 3263 3517; x_wconf 92' lang='lat' dir='ltr'><strong>C.</strong></span> <span class='ocrx_word' id='word_1_361' title='bbox 3315 3453 3392 3516; x_wconf 91' lang='lat' dir='ltr'><strong>F.</strong></span> <span class='ocrx_word' id='word_1_362' title='bbox 3451 3453 3845 3540; x_wconf 74' lang='lat' dir='ltr'><strong>Caputmu-</strong></span> 
     </span>
     <span class='ocr_line' id='line_1_68' title="bbox 2607 3545 3852 3641; baseline 0.007 -30"><span class='ocrx_word' id='word_1_363' title='bbox 2607 3545 2795 3616; x_wconf 73' lang='lat' dir='ltr'><strong>tiebre</strong></span> <span class='ocrx_word' id='word_1_364' title='bbox 2854 3546 3135 3636; x_wconf 73' lang='lat' dir='ltr'><strong>floribus</strong></span> <span class='ocrx_word' id='word_1_365' title='bbox 3185 3549 3595 3632; x_wconf 73' lang='lat' dir='ltr'><strong>redimitam,</strong></span> <span class='ocrx_word' id='word_1_366' title='bbox 3680 3575 3852 3641; x_wconf 73' lang='lat' dir='ltr'><strong>pone</strong></span> 
     </span>
    </p>
   </div>
   <div class='ocr_carea' id='block_1_13' title="bbox 2308 3644 3887 4503">
    <p class='ocr_par' dir='ltr' id='par_1_22' title="bbox 2592 3644 2743 3727">
     <span class='ocr_line' id='line_1_69' title="bbox 2592 3644 2743 3727; baseline 0.015 -20"><span class='ocrx_word' id='word_1_367' title='bbox 2592 3644 2743 3727; x_wconf 83' lang='lat' dir='ltr'><strong>flos.</strong></span> 
     </span>
    </p>

    <p class='ocr_par' dir='ltr' id='par_1_23' title="bbox 2308 3738 3887 4503">
     <span class='ocr_line' id='line_1_70' title="bbox 2316 3738 3854 3837; baseline 0.003 -29"><span class='ocrx_word' id='word_1_368' title='bbox 2316 3738 2551 3808; x_wconf 84' lang='lat' dir='ltr'><strong>VEST</strong></span> <span class='ocrx_word' id='word_1_369' title='bbox 2554 3740 2779 3803; x_wconf 89' lang='lat' dir='ltr'><strong>ALIS</strong></span> <span class='ocrx_word' id='word_1_370' title='bbox 2831 3739 3069 3806; x_wconf 78' lang='lat' dir='ltr'><strong>Mulier</strong></span> <span class='ocrx_word' id='word_1_371' title='bbox 3106 3740 3312 3809; x_wconf 78' lang='lat' dir='ltr'><strong>velata</strong></span> <span class='ocrx_word' id='word_1_372' title='bbox 3362 3744 3587 3831; x_wconf 78' lang='lat' dir='ltr'><strong>fidens</strong></span> <span class='ocrx_word' id='word_1_373' title='bbox 3620 3747 3748 3813; x_wconf 80' lang='lat' dir='ltr'><strong>d.1</strong></span> <span class='ocrx_word' id='word_1_374' title='bbox 3694 3748 3854 3837; x_wconf 80' lang='lat' dir='ltr'><strong>fim-</strong></span> 
     </span>
     <span class='ocr_line' id='line_1_71' title="bbox 2308 3837 3856 3928; baseline 0.009 -27"><span class='ocrx_word' id='word_1_375' title='bbox 2308 3838 2593 3924; x_wconf 75' lang='lat' dir='ltr'><strong>pavium.</strong></span> <span class='ocrx_word' id='word_1_376' title='bbox 2645 3837 2795 3900; x_wconf 91' lang='lat' dir='ltr'><strong>AV.</strong></span> <span class='ocrx_word' id='word_1_377' title='bbox 2830 3837 3099 3905; x_wconf 89' lang='lat' dir='ltr'><strong>RRRR.</strong></span> <span class='ocrx_word' id='word_1_378' title='bbox 3154 3841 3360 3928; x_wconf 84' lang='lat' dir='ltr'><strong>(Mus.</strong></span> <span class='ocrx_word' id='word_1_379' title='bbox 3406 3841 3639 3927; x_wconf 81' lang='lat' dir='ltr'><strong>Caes.)</strong></span> <span class='ocrx_word' id='word_1_380' title='bbox 3690 3847 3856 3915; x_wconf 86' lang='lat' dir='ltr'><strong>AR.</strong></span> 
     </span>
     <span class='ocr_line' id='line_1_72' title="bbox 2420 4006 3861 4124; baseline 0.008 -30"><span class='ocrx_word' id='word_1_381' title='bbox 2420 4027 2774 4116; x_wconf 86' lang='lat' dir='ltr'><strong>Signatum</strong></span> <span class='ocrx_word' id='word_1_382' title='bbox 2809 4031 2879 4095; x_wconf 90' lang='lat' dir='ltr'><strong>in</strong></span> <span class='ocrx_word' id='word_1_383' title='bbox 2912 4030 3197 4097; x_wconf 87' lang='lat' dir='ltr'><strong>denario</strong></span> <span class='ocrx_word' id='word_1_384' title='bbox 3246 4033 3382 4101; x_wconf 87' lang='lat' dir='ltr'><strong>hoe</strong></span> <span class='ocrx_word' id='word_1_385' title='bbox 3433 4052 3645 4124; x_wconf 85' lang='lat' dir='ltr'><strong>caput</strong></span> <span class='ocrx_word' id='word_1_386' title='bbox 3682 4006 3861 4105; x_wconf 81' lang='lat' dir='ltr'><strong>Flo-</strong></span> 
     </span>
     <span class='ocr_line' id='line_1_73' title="bbox 2322 4127 3867 4213; baseline 0.009 -23"><span class='ocrx_word' id='word_1_387' title='bbox 2322 4146 2442 4192; x_wconf 89' lang='lat' dir='ltr'><strong>rae</strong></span> <span class='ocrx_word' id='word_1_388' title='bbox 2485 4127 2750 4192; x_wconf 87' lang='lat' dir='ltr'><strong>censent</strong></span> <span class='ocrx_word' id='word_1_389' title='bbox 2826 4128 3195 4213; x_wconf 89' lang='lat' dir='ltr'><strong>antiquarii</strong></span> <span class='ocrx_word' id='word_1_390' title='bbox 3263 4134 3357 4197; x_wconf 88' lang='lat' dir='ltr'><strong>ad</strong></span> <span class='ocrx_word' id='word_1_391' title='bbox 3434 4128 3867 4205; x_wconf 81' lang='lat' dir='ltr'><strong>indicandos</strong></span> 
     </span>
     <span class='ocr_line' id='line_1_74' title="bbox 2323 4223 3872 4312; baseline 0.01 -26"><span class='ocrx_word' id='word_1_392' title='bbox 2323 4223 2723 4311; x_wconf 81' lang='lat' dir='ltr'><strong>magnificos</strong></span> <span class='ocrx_word' id='word_1_393' title='bbox 2780 4226 2979 4289; x_wconf 82' lang='lat' dir='ltr'><strong>ludos</strong></span> <span class='ocrx_word' id='word_1_394' title='bbox 3023 4272 3047 4304; x_wconf 87' lang='lat'><strong>,</strong></span> <span class='ocrx_word' id='word_1_395' title='bbox 3114 4247 3285 4312; x_wconf 86' lang='lat' dir='ltr'><strong>quos</strong></span> <span class='ocrx_word' id='word_1_396' title='bbox 3366 4228 3441 4293; x_wconf 87' lang='lat' dir='ltr'><strong>C.</strong></span> <span class='ocrx_word' id='word_1_397' title='bbox 3517 4230 3872 4310; x_wconf 71' lang='lat' dir='ltr'><strong>Claudius</strong></span> 
     </span>
     <span class='ocr_line' id='line_1_75' title="bbox 2322 4320 3875 4413; baseline 0.009 -29"><span class='ocrx_word' id='word_1_398' title='bbox 2322 4320 2613 4385; x_wconf 85' lang='lat' dir='ltr'><strong>Pulcher</strong></span> <span class='ocrx_word' id='word_1_399' title='bbox 2649 4341 2820 4384; x_wconf 86' lang='lat' dir='ltr'><strong>unus</strong></span> <span class='ocrx_word' id='word_1_400' title='bbox 2878 4341 2969 4385; x_wconf 83' lang='lat' dir='ltr'><strong>ex</strong></span> <span class='ocrx_word' id='word_1_401' title='bbox 3025 4324 3399 4406; x_wconf 83' lang='lat' dir='ltr'><strong>majoribus</strong></span> <span class='ocrx_word' id='word_1_402' title='bbox 3441 4325 3642 4413; x_wconf 87' lang='lat' dir='ltr'><strong>huJus</strong></span> <span class='ocrx_word' id='word_1_403' title='bbox 3688 4329 3875 4398; x_wconf 84' lang='lat' dir='ltr'><strong>Clo·</strong></span> 
     </span>
     <span class='ocr_line' id='line_1_76' title="bbox 2327 4417 3887 4503; baseline 0.01 -23"><span class='ocrx_word' id='word_1_404' title='bbox 2327 4418 2424 4503; x_wconf 66' lang='lat' dir='ltr'><strong>dri</strong></span> <span class='ocrx_word' id='word_1_405' title='bbox 2458 4417 2747 4482; x_wconf 84' lang='lat' dir='ltr'><strong>-IIIviri</strong></span> <span class='ocrx_word' id='word_1_406' title='bbox 2728 4438 2819 4491; x_wconf 72' lang='grc' dir='ltr'>ιιι,</span> <span class='ocrx_word' id='word_1_407' title='bbox 2854 4419 3210 4485; x_wconf 81' lang='lat' dir='ltr'><strong>aedilitate</strong></span> <span class='ocrx_word' id='word_1_408' title='bbox 3278 4422 3395 4488; x_wconf 85' lang='lat' dir='ltr'><strong>sua</strong></span> <span class='ocrx_word' id='word_1_409' title='bbox 3448 4422 3887 4497; x_wconf 80' lang='lat' dir='ltr'><strong>celebravit</strong></span> 
     </span>
    </p>
   </div>
   <div class='ocr_carea' id='block_1_14' title="bbox 2320 4512 3888 4604">
    <p class='ocr_par' dir='ltr' id='par_1_24' title="bbox 2320 4512 3888 4604">
     <span class='ocr_line' id='line_1_77' title="bbox 2320 4512 3888 4604; baseline 0.01 -26"><span class='ocrx_word' id='word_1_410' title='bbox 2320 4516 2419 4578; x_wconf 90' lang='lat' dir='ltr'><strong>·V.</strong></span> <span class='ocrx_word' id='word_1_411' title='bbox 2456 4512 2534 4580; x_wconf 93' lang='lat' dir='ltr'><strong>C.</strong></span> <span class='ocrx_word' id='word_1_412' title='bbox 2585 4518 2722 4598; x_wconf 84' lang='lat'><strong>⁶55</strong></span> <span class='ocrx_word' id='word_1_413' title='bbox 2749 4561 2769 4593; x_wconf 90' lang='lat'><strong>,</strong></span> <span class='ocrx_word' id='word_1_414' title='bbox 2844 4535 3151 4602; x_wconf 85' lang='lat' dir='ltr'><strong>quosque</strong></span> <span class='ocrx_word' id='word_1_415' title='bbox 3200 4518 3697 4604; x_wconf 87' lang='lat' dir='ltr'><strong>depraedicant</strong></span> <span class='ocrx_word' id='word_1_416' title='bbox 3742 4525 3888 4593; x_wconf 86' lang='lat' dir='ltr'><strong>Ci-</strong></span> 
     </span>
    </p>
   </div>
  </div>
 </body>
</html>
