4175 5450
687 569 693 575 ·
745 607 878 658 222
1418 581 1846 692 FVRIA.
1945 579 2482 658 FVRNIA.
2619 515 3199 656 GABINIA.
3241 520 3262 691 f

686 835 699 840 -
741 787 822 852 L.
871 785 1178 853 FOVRI.
1236 783 1378 849 CN.
1427 759 1508 850 F.
1560 786 1723 852 Sella
1775 784 2051 862 curulis,
2125 782 2310 858 hinc
2345 781 2665 860 Siciliae,
2718 795 2791 845 ut
2838 783 3073 846 videre
3135 777 3224 843 est
3284 780 3354 856 in
3419 775 3617 861 hujus
3685 779 3890 846 urbis¹

743 896 806 951 et
832 886 990 951 illinc
1033 885 1237 973 fustes
1276 882 1595 962 securibus
1638 885 1882 947 muniti.
1982 882 2130 944 AR.
2177 884 2260 944 R.

2344 892 2643 942 moneta.
2747 879 3114 942 Enimvero
3159 878 3260 943 M.
3307 877 3587 939 Furium
3623 876 3880 942 Crassi·

841 983 1078 1046 Habes
1114 995 1356 1064 typoS‚
1414 979 1595 1061 quod
1635 998 1838 1041 unum
1876 997 2137 1041 numus·
2149 979 2263 1042 hic
2347 975 2591 1058 pedem
2626 977 2710 1039 V.
2748 974 2823 1040 C.
2864 988 2999 1057 531
3052 985 3444 1058 praetorem
3475 973 3749 1040 Siciliae
3773 977 3890 1042 di-

744 1092 1002 1142 certum
1034 1076 1253 1139 offert.
1353 1074 1591 1136 Vtrum
1619 1076 1726 1137 inc
1743 1073 2090 1137 Brocchus
2110 1094 2263 1137 cum
2347 1070 2516 1134 ferte
2554 1073 2863 1136 nominat
2901 1072 3170 1140 Livius.
3225 1058 3289 1154 ¹²)
3389 1153 3404 1157 φ

739 1174 1117 1238 Vaiilantio
1178 1169 1558 1233 statuendus
1597 1171 1669 1233 fit
1710 1170 1919 1233 IIIvir
1992 1171 2082 1231 ad
2127 1169 2264 1234 fru-

739 1283 1041 1334 mentum
1080 1267 1482 1343 emundum‚
1536 1286 1624 1329 an
1663 1265 2263 1330 cumHavercam-

733 1385 829 1452 po
869 1365 1077 1428 111vir
1110 1362 1499 1445 monetalis,
1544 1382 1680 1425 non
1716 1380 2132 1445 magnopere
2156 1363 2261 1425 la-

739 1462 949 1526 boro.
1043 1459 1507 1545 spanhemius
1546 1479 1697 1522 cum
1757 1461 2024 1522 videret
2079 1460 2258 1522 secu-

732 1577 847 1620 res
892 1553 1187 1620 fascibus
1233 1555 1572 1640 illigata3‚
1625 1557 1897 1640 putavit
1936 1574 2054 1638 per
2082 1555 2260 1621 hanc

731 1654 950 1738 ipsam
995 1655 1262 1715 causam
1302 1652 1591 1732 indicari
1621 1653 1806 1714 Furii
1842 1663 2264 1736 praeturam,

3093 1262 3129 1298 Ω

2911 1316 2944 1352 8

2635 1459 2734 1524 Μ.
2771 1460 3075 1524 FOVRI.
3110 1456 3191 1521 L.
3217 1457 3298 1523 F.
3351 1456 3554 1544 Caput
3588 1461 3882 1548 Ianige—

2341 1650 2614 1716 PHILI.
2634 1577 2919 1730 mlzzillas,
2970 1650 3070 1717 vel
3113 1653 3317 1719 Roma
3372 1654 3636 1733 gabata
3679 1657 3876 1742 stans

2344 1355 2590 1426 Philus.

730 1768 875 1813 non
908 1749 1183 1833 quidem
1223 1727 1601 1826 urbanam,
1652 1739 1811 1811 nam
1839 1749 2010 1812 haec
2041 1747 2258 1813 fasces
2321 1748 2396 1834 Ι.
2417 1748 2649 1834 hastam
2675 1760 3000 1835 tropaeum
3039 1758 3345 1823 coronat,
3405 1752 3473 1812 ἵει
3516 1769 3678 1814 area
3710 1753 3876 1815 RO-

730 1843 866 1909 fine
897 1846 1237 1908 securibus
1269 1843 1536 1921 habuit,
1585 1843 1698 1907 sed
1737 1845 2256 1928 provincialem,

733 1961 914 2026 quae
958 1942 1310 2021 adjunctas
1373 1940 1649 2004 secures.
1676 1940 1949 2004 habuit.
1997 1947 2052 2018 ¹¹)
2127 1945 2256 2005 Ve-

728 2055 881 2101 rum
921 2037 959 2099 fl
1014 2050 1292 2123 praetor
1328 2037 1499 2112 fuit,
1553 2040 1772 2100 curin
1811 2037 1920 2099 his
1959 2037 2257 2103 denariis

736 2135 985 2198 dicitur
1028 2133 1282 2197 Illvir?
1334 2130 1507 2196 Istud
1559 2132 1715 2196 sane
1757 2134 1843 2195 ad
1904 2135 2090 2196 numi
2141 2155 2256 2200 ex·

650 2221 674 2243 ⁸
731 2221 1069 2319 plicatum
1100 2229 1553 2294 omittendum
1609 2248 1746 2293 non
1792 2226 1959 2293 fuit..
2014 2249 2043 2282 ο

1468 2325 1503 2357 ᾖ

1393 2378 1397 2382 ’
1649 2376 1691 2409 *3

731 2424 1042 2516 Crafflpes.

1032 2521 1232 2586 AED.
1254 2520 1457 2587 CVR.
1500 2522 1704 2607 Caput
1725 2518 2016 2588 muliebre
2049 2525 2258 2588 turri'-

1018 2629 1188 2696 tum,
1234 2640 1394 2704 pone
1426 2641 1538 2704 pes
1575 2618 1909 2684 humanus.

724 2717 799 2810 Ρ.
844 2716 1263 2783 FOVRIVS.
1308 2715 1802 2793 CRASSIPES,
1853 2714 2016 2782 Sella
2058 2737 2253 2783 curu-

727 2816 829 2885 11'5.
930 2814 1080 2883 AR.
1135 2816 1217 2878 R.

1021 2916 1224 2996 &aput
1255 2913 1404 2976 Iani
1433 2909 1691 2994 gemini.

692 3006 1208 3071 -KRASSHJES
1268 3012 1471 3071 intra
1553 3005 1853 3069 lauream.
1954 3002 2101 3065 ΑΕ.
2164 3003 2250 3065 11.

726 3103 1046 3187 (Arigoni
1097 3103 1305 3163 Tom.
1344 3101 1458 3166 lv..
1499 3102 1682 3163 edito
1732 3097 2025 3162 Tarvisii
2070 3120 2249 3180 1759

723 3199 794 3262 in
843 3198 1034 3260 Fam.
1077 3196 1218 3259 tab.
1265 3197 1378 3258 Vl.
1411 3216 1475 3259 n.
1513 3194 1667 3280 52.)
1716 3196 1940 3258 RRR.

820 3293 1041 3355 Fuisse
1065 3294 1255 3356 hunc
1281 3294 1561 3355 Furium
1604 3291 1894 3355 aedilem
1924 3290 2248 3372 curulem,

694 3390 934 3453 -docet
962 3389 1079 3453 hic
1117 3391 1477 3474 dtenaciuS,
1532 3408 1748 3472 neque
1780 3388 1940 3472 quid
1985 3401 2248 3473 praete-

722 3506 865 3551 rea.
967 3488 1095 3549 Pes
1140 3484 1490 3549 adstitutus
1549 3486 1784 3569 lepida
1852 3483 1939 3545 est
1991 3483 2248 3549 adlufio

724 3586 812 3647 ad
858 3603 1233 3668 cognomen
1280 3582 1594 3673 Craffipes.
1698 3582 2001 3644 Alterum
2039 3601 2246 3644 aene-

722 3700 835 3743 um
872 3681 1043 3743 alias
1088 3678 1443 3743 verisimile
1509 3678 1651 3740 dixi
1707 3677 1834 3739 ess'e
1884 3680 2243 3743 commatis

2341 1847 2503 1908 MA.
2606 1850 2755 1913 AV.
2798 1848 2909 1922 (B.
2973 1846 3053 1910 L.
3120 1848 3206 1910 T.
3286 1846 3496 1910 XXX.
3548 1869 3617 1932 p.
3657 1847 3875 1931 367.)

2340 1941 2609 2005 RRRR.
2661 1944 2811 2009 AR.
2873 1945 2955 2007 R.

2434 2040 2673 2122 Aeque
2713 2042 2954 2102 iterum
3001 2040 3092 2103 ad
3164 2036 3509 2106 historiam
3597 2038 3874 2110 incert‘a

2337 2136 2606 2211 omnia,
2658 2156 2795 2219 quo
2848 2137 3028 2201 vitio
3067 2135 3392 2202 laborant
3438 2154 3676 2199 omnes
3726 2136 3784 2201 F
3788 2159 3870 2202 u·

2333 2230 2591 2294 tiorum
2627 2233 2839 2301 numi.

2336 2425 2695 2511 Purpureo.

2631 2507 2835 2608 Capit
2875 2520 3155 2587 Palladii
3205 2522 3487 2600 albitum,
3532 2543 3690 2608 pone
3723 2524 3808 2588 X.

2336 2620 2538 2684 PVR.
2591 2620 2811 2685 Diana
2845 2623 2913 2684 in
2954 2622 3096 2683 citis
3144 2619 3353 2704 bigis,
3395 2627 3653 2704 superne
3692 2643 3882 2705 pur-

2327 2737 2537 2801 pura,
2592 2717 2767 2802 infru
2800 2716 3094 2779 ROMA.
3196 2717 3271 2780 In
3303 2717 3490 2781 aliis:
3552 2716 3885 2806 Diositur?

2334 2817 2582 2897 equites
2684 2815 2832 2877 AR.
2886 2813 2968 2877 R.

2434 2910 2636 2971 PVR.
2672 2911 2740 2972 in
2783 2896 3062 2973 assibus,
3115 2909 3263 2972 RR.

2429 3004 2719 3068 Parcam
2758 3005 3174 3091 epigraphen
3219 3005 3418 3067 PVR.
3455 3003 3864 3091 -legendam
3989 3046 3996 3055 -

2333 3101 2843 3180 PVRPVREO,
2897 3101 3093 3193 plene
3135 3099 3496 3165 confir-mat
3531 3101 3862 3168 adstituta

2329 3208 2632 3281 purpura
2688 3218 2773 3262 ex
2808 3186 3222 3262 concharum
3245 3217 3539 3281 genere,
3594 3218 3676 3262 ex
3715 3220 3866 3282 qua

2329 3314 2633 3378 purpura
2676 3294 2920 3359 confici
2985 3293 3222 3370 solita,
3292 3294 3376 3356 de
3448 3314 3584 3379 quo
3650 3295 3864 3379 plura
3937 3352 3946 3361 .

2333 3390 2755 3475 disputantur
2787 3393 2880 3454 ad
2934 3409 3177 3452 numos
3228 3391 3427 3472 Tyri.
3523 3389 3633 3453 Est
3683 3412 3862 3457 vero

2332 3500 2399 3549 et
2439 3490 2506 3548 in
2532 3488 2633 3550 his
2664 3484 2919 3551 'adlusio
2961 3488 3048 3550 ad
3094 3505 3361 3549 nomen.
3464 3487 3546 3550 L.
3604 3487 3865 3554 Furius

2327 3584 2677 3667 Purpureo
2725 3585 2830 3648 vir
2874 3583 3054 3646 bello
3088 3603 3245 3645 acer
3296 3594 3363 3644 et
3411 3584 3860 3668 triumphalis
3997 3600 4008 3613 ⁸

2325 3692 2746 3745 memoratur
2792 3701 2841 3744 a
2892 3679 3133 3767 Pighio
3185 3679 3276 3744 ad
3321 3699 3572 3744 annum
3630 3684 3718 3751 V.
3771 3680 3874 3750 C..

719 3778 1105 3863 peregrini,
1149 3777 1508 3873 cusumque
1579 3774 1765 3861 apud
1831 3774 2241 3839 Panormum
2319 3796 2488 3860 553.

1451 4053 2159 4136 FVRNIA.
2314 4054 3111 4137 GABJNIA.

810 4256 1027 4321 Numi·
1068 4255 1447 4331 Goltziani‘.

776 4660 833 4732 εἰ)
868 4665 1031 4718 Tom.
1068 4664 1145 4719 11.
1181 4683 1243 4738 p.
1284 4684 1416 4747 ιιι...
1595 4664 1652 4733 b)
1689 4664 1756 4722 L.
1791 4664 1977 4723 XLu.
2013 4682 2059 4721 c.
2101 4684 2148 4721 ι.
