4175 5450
785 636 1592 738 HORTENSIA.
1691 631 1869 713 ΗΟ
1897 633 2280 714 SIDIA.
2381 635 3059 714 HOSTILIA.

360 840 663 927 aliquem
719 860 809 904 ex
872 841 1066 927 gente
1098 840 1460 919 ‚Horatia‚
1533 838 1897 905 verifimile

357 938 533 1005 facit
561 939 952 1023 inscriptum
989 936 1375 1017 COCLES,
1429 939 1614 1025 quod
1642 955 1896 1024 cogno-

360 1057 521 1102 men
556 1037 817 1121 primus
869 1035 1026 1099 tulit
1063 1032 1511 1123 famigeratus
1565 1036 1681 1099 ille
1720 1033 1898 1127 hosti·

357 1154 465 1200 am
496 1138 700 1199 victor
748 1143 807 1198 et
821 1132 1147 1221 fluminis,
1198 1143 1275 1196 ut
1324 1135 1420 1198 ait
1455 1133 1708 1198 Paulus
1732 1132 1899 1196 Dia·

360 1249 575 1295 conus
594 1249 619 1315 3
674 1229 758 1296 fic
799 1241 1027 1294 autem
1056 1241 1404 1306 vocatum,
1430 1234 1528 1295 ait
1576 1229 1892 1293 Aurelius

350 1329 654 1406 Victor,
710 1335 766 1404 ⁸)
819 1341 887 1391 et
932 1325 1300 1411 Dionyfius
1353 1326 1892 1392 Halicarnassen-

355 1423 439 1488 fis
463 1472 485 1502 ,
531 1413 596 1506 ¹³)
650 1425 839 1509 quod
877 1423 1149 1489 oculum
1180 1425 1248 1487 in
1278 1426 1545 1511 praelio
1570 1422 1893 1489 amiserit.

366 1519 750 1609 Imaginem
788 1520 1075 1588 Coclitis
1099 1521 1228 1586 sese
1261 1522 1330 1587 in
1361 1522 1670 1587 Tiberim
1697 1540 1897 1606 prae·

3360 663 3497 731 ¹25

1978 838 2325 924 cipitantis
2396 839 2556 904 vide
2600 840 2673 902 in
2745 835 2976 927 insigni
3030 821 3236 906 numo
3316 859 3504 908 max.

1979 936 2168 1000 mod.
2209 954 2361 1000 cum
2394 937 2620 1020 capite
2676 938 3005 1002 Antonini
3058 939 3188 1002 Pii.
3334 936 3507 1020 Quis

1979 1030 2192 1097 fuerit
2226 1033 2342 1096 ille
2374 1051 2461 1095 ex
2502 1035 2644 1115 ejus
2683 1030 2961 1119 posteris
2991 1081 3012 1111 ‚
3066 1034 3182 1117 qui
3222 1054 3508 1099 numum
3611 1045 3618 1052 '

1980 1129 2163 1193 hunc
2211 1129 2599 1194 feriundum
2639 1131 2905 1194 curavit
2935 1180 2955 1211 ,
3013 1130 3308 1195 divinari
3394 1152 3509 1196 ne·

1978 1215 2164 1311 quit(
2246 1225 2588 1290 Denarios
2621 1226 2749 1291 hos
2777 1229 3012 1313 ampla
3045 1226 3506 1293 dissertatione

1974 1320 2332 1390 illustravit
2370 1323 2692 1403 Patinus‚
2746 1345 2923 1411 quae
2956 1321 3170 1389 exstat
3202 1326 3273 1388 in
3313 1344 3499 1389 com-

1975 1422 2337 1485 mentariis
2364 1420 2826 1510 flavet-campi
2849 1443 2917 1507 p.
2956 1434 3113 1503 194,
3170 1441 3306 1505 quo
3341 1421 3499 1488 loco

1977 1537 2218 1584 eorum
2261 1518 2511 1585 raritas
2563 1520 2957 1587 immensum
3021 1518 3401 1587 extollitur.

1411 1798 2448 1883 HORTENSIA.
2687 1873 2694 1880 .

447 2004 656 2074 Numi
707 2004 1077 2072 Goltziani.

1521 2189 2318 2272 HOSIDIA.

459 2395 567 2457 An
606 2393 951 2479 patricia,
1005 2412 1095 2458 an
1139 2391 1458 2480 plebeia,
1530 2393 1889 2486 incertum.

364 2488 763 2578 Cognomen
804 2492 988 2556 Geta.
1201 2490 1207 2496 ’

660 2585 930 2650 GETA.
958 2588 1234 2650 lllVIR.
1288 2587 1589 2653 Protome
1619 2588 1893 2655 Dianae.

370 2684 451 2753 C.
493 2684 836 2749 HOSIDI.
880 2682 956 2747 C.
996 2685 1075 2754 F.
1127 2686 1310 2770 Aper
1343 2686 1641 2750 venabulo
1683 2697 1892 2759 trans·

347 2786 535 2873 fixus
568 2783 932 2848 adlatrante
989 2803 1159 2847 cane.
1286 2784 1390 2845 Ex
1438 2786 1541 2844 his
1596 2784 1895 2846 denariis

362 2881 506 2955 illi,
538 2882 676 2962 ,qui
728 2880 1000 2940 Dianae
1048 2892 1255 2963 caput
1304 2880 1568 2964 capillis
1607 2896 1789 2942 retro
1816 2882 1890 2942 in

362 2979 621 3041 nodum
670 2976 972 3038 collectis
1026 2977 1393 3059 exhibent,
1448 2975 1680 3039 serrati
1722 2976 1897 3054 sunt,

1976 2396 2197 2479 quillii
2242 2407 2311 2458 et
2343 2393 2655 2475 Durmii‚
2707 2407 2775 2458 et
2851 2393 2924 2459 hi
2994 2396 3361 2461 commode
3412 2395 3506 2463 ad

1976 2512 2227 2555 annum
2259 2491 2343 2564 V,
2378 2488 2448 2558 C.
2494 2504 2636 2573 734
2680 2492 2939 2574 poss'ent
2988 2492 3270 2572 referri,
3351 2513 3508 2557 mo-

1976 2589 2171 2665 nuit,
2238 2587 2718 2672 Turpilianum
2781 2590 3023 2653 eodem
3075 2609 3255 2652 anno
3312 2588 3507 2653 fuiss'e

1977 2686 2302 2750 lllvirum
2343 2682 2758 2749 monetalem
2814 2705 2950 2750 una
3005 2706 3158 2750 cum
3200 2685 3503 2770 Aquillio

1978 2797 2043 2847 et
2086 2783 2402 2846 Dur-mio.
2501 2782 2683 2867 Ergo
2732 2780 2774 2844 si
2817 2783 3018 2847 ethic
3055 2781 3370 2846 Hofidius
3414 2784 3510 2847 ad.

1976 2871 2264 2942 eundem
2324 2899 2575 2942 annum
2647 2881 2935 2943 accedat
2979 2928 3001 2959 ‚
3090 2878 3508 2944 habebimus

1975 2977 2300 3040 IIIIvii-os
2332 3024 2354 3054 ,
2407 2997 2540 3039 non
2591 2976 2904 3040 Illviros.
3020 2976 3226 3039 Aliud
3303 2978 3507 3041 docet

366 3093 505 3136 non
545 3075 703 3135 item
740 3073 882 3149 illi,
938 3074 1051 3153 qui
1107 3077 1245 3155 ejus
1303 3085 1512 3158 caput
1559 3093 1712 3136 cum
1785 3072 1888 3136 fa·
1926 3085 1931 3091 ’
1969 3075 2296 3155 judicium
2338 3094 2422 3137 ex
2467 3071 2779 3158 ipfis·his
2830 3073 3125 3145 denariis
3177 3071 3508 3138 haustum.

360 3169 496 3234 scia
542 3170 609 3232 in
648 3168 873 3233 fronte
922 3168 1155 3234 sistunt.

458 3268 780 3331 Dictante
830 3268 1317 3351 Havercampo
1362 3267 1626 3329 denarii
1664 3266 1735 3328 hi
1818 3266 1888 3329 fi-

361 3365 546 3450 gnati
586 3364 747 3426 sunt·
780 3366 858 3425 V.
908 3362 983 3426 C.
1029 3376 1209 3448 734,
1267 3382 1405 3446 quo
1442 3382 1619 3424 anno
1665 3362 1730 3422 in
1757 3366 1888 3425 Au·

361 3458 525 3543 gusti
582 3458 924 3520 natalibus
959 3458 1238 3541 insigues
1288 3457 1688 3519 venationes
1753 3458 1891 3519 edi-

363 3566 502 3617 tae.
607 3556 691 3614 At
743 3554 919 3614 idem
1003 3553 1104 3614 vir
1152 3553 1452 3614 eruditus
1499 3544 1577 3612 in'
1617 3549 1745 3611 suis
1801 3553 1917 3613 ad,

362 3650 664 3714 Petronii
699 3647 1086 3733 Turpiliani
1131 3666 1372 3709 numos
1410 3649 1887 3709 commentari-

1973 3171 2130 3233 Non
2171 3172 2377 3234 modo
2412 3189 2787 3256 cognomen
2825 3167 3072 3233 GETA
3112 3171 3178 3233 in
3195 3171 3504 3234 alteram

1974 3269 2161 3330 numi
2201 3281 2459 3353 partem
2495 3271 2876 3348 trajectum,
2928 3253 3036 3330 seTi
3083 3268 3288 3330 etiam
3316 3266 3517 3350 quod,

1973 3365 2203 3426 serrati
2241 3366 2383 3426 sunt
2417 3410 2436 3439 ‚
2506 3382 2626 3426 eos
2677 3361 2881 3424 facile
2920 3360 3255 3447 Augustea
3313 3375 3503 3427 aeta-

1972 3471 2039 3519 te
2118 3461 2332 3522 multo
2382 3460 2800 3539 antiquiores
2874 3456 3248 3534 constituit,
3336 3478 3506 3543 aper
3563 3504 3568 3507 -

1972 3573 2141 3615 vero
2210 3555 2576 3619 neceffario
2642 3554 3217 3616 venationes'non
3257 3555 3504 3638 arguit,

1973 3668 2126 3709 cum
2167 3650 2397 3734 suapte
2439 3661 2894 3734 componatur
2933 3668 3083 3711 cum
3117 3648 3351 3711 Diana
3387 3668 3502 3712 ve·

360 3747 419 3811 is
463 3767 611 3809 cum
652 3747 915 3811 videret
951 3743 1142 3823 hujus
1214 3745 1513 3807 Petronii
1570 3744 1886 3808 denarios
1968 3747 2269 3823 natrice,
2325 3764 2531 3829 quam
2583 3742 2894 3808 Hossdius
2934 3766 3019 3809 ex
3098 3764 3503 3831 quacunque

362 3846 644 3909 eosdem
684 3841 941 3908 babere
986 3853 1195 3928 typos
1254 3862 1423 3921 cum,
1452 3840 1750 3906 denariis
1795 3845 1885 3905 A·

1973 3840 2174 3906 causa
2214 3842 2396 3930 parti
2435 3843 2763 3907 adversae
2802 3842 3156 3930 insculpflt.
3279 3908 3290 3917 ,

1490 4123 2486 4207 1ῑ1().-.5”.1Ἰῑ,1ᾼν.·Δ

458 4328 642 4393 Gens
682 4344 879 4394 vetus
916 4341 983 4392 et
1019 4328 1243 4412 clara,
1296 4348 1381 4392 ex
1422 4348 1558 4414 qua
1597 4326 1729 4391 fuit
1760 4348 1882 4394 rex
1963 4330 2115 4394 sunt
2138 4330 2541 4416 cognomine
2574 4328 2879 4418 Sasernae
2902 4376 2919 4407 ‚
2974 4342 3040 4393 et
3074 4329 3304 4397 Tubuli
3327 4377 3347 4410 ,
3397 4331 3494 4395 in·

359 4426 602 4513 Tullus
644 4425 985 4495 Hostilius.
1089 4426 1224 4509 Qui
1265 4428 1332 4489 in
1393 4428 1612 4489 numis
1660 4424 1878 4516 super-
1965 4440 2266 4507 certum,
2321 4430 2508 4508 cujus
2541 4429 2799 4490 ordinis
2847 4426 3152 4494 fuerint(
3515 4437 3524 4444 “

440 4639 500 4703 a)
532 4638 648 4688 vir.
684 4637 868 4700 mum.
906 4641 938 4711 ς
981 4660 1065 4703 n,

456 4714 646 4801 (Vol.
708 4714 833 4803 V.)

1236 4639 1295 4707 b>
1330 4639 1397 4694 L.
1437 4640 1515 4697 V.
1549 4656 1596 4693 e.
1637 4654 1725 4708 ²3·

2941 4674 3118 4777 'rs
