4175 5450
697 612 801 687 34

721 794 794 857 in
832 800 1061 857 vetere
1105 750 1416 853 Lucania
1443 831 1463 863 ,
1512 782 1811 872 Apulia,
1858 798 1929 850 et
1954 784 2247 852 finitimo

1899 524 2352 661 cAPv‘r
2427 581 2596 661 ·1v.

2335 798 2637 866 caretur,
2689 784 2913 851 nescio
2949 832 2970 863 ,
3047 804 3165 849 cur
3211 805 3345 851 non
3394 802 3462 852 et
3523 782 3870 855 Romanis

715 901 983 966 tractu,
1042 901 1185 951 tum
1230 895 1306 946 et
1344 881 1583 946 Sicilia
1632 880 1778 946 fere
1834 895 2100 948 tantum
2147 903 2250 948 re·
2316 883 2514 953 notis
2590 885 2940 971 potuerint
3023 881 3333 968 inlignire
3387 906 3629 951 numos
3702 888 3855 953 suos

718 986 971 1074 periri,
1019 983 1297 1049 minime
1383 998 1552 1043 vero
1608 980 1916 1059 Romae,
2002 992 2073 1045 et
2124 1000 2248 1068 per

714 1088 859 1171 ejus
894 1082 1147 1149 vicina.
1245 1080 1341 1141 At
1356 1076 1676 1161 quorsum
1708 1076 2097 1163 inscriptum
2127 1098 2247 1141 nu·

676 1186 834 1247 'mo
875 1170 1235 1267 peregrino
1275 1174 1615 1259 ROMA?
1651 1171 1994 1243 Nimirum
2046 1188 2116 1238 et
2149 1176 2244 1239 in.

715 1279 1041 1363 scriptum
1077 1270 1330 1338 ΡΩΜΗ
1360 1271 1643 1355 legimus
1701 1272 1769 1335 in
1838 1271 2247 1336 numis·Lo-·

721 1392 995 1441 crorum
1033 1368 1689 1456 Epizephyriorum,
1744 1367 1812 1434 T
1812 1367 2246 1445 hess'alorum,

725 1485 793 1534 et
829 1467 1310 1533 Alexandrinis
1355 1466 1456 1529 M.
1498 1464 1817 1543 Antonii,
1891 1485 2030 1551 quo
2096 1465 2249 1530 sane

722 1564 1019 1631 instituto
1055 1564 1131 1628 hi
1176 1563 1417 1650 populi
1455 1574 1575 1626 aut
1615 1561 1803 1626 suam
1850 1561 1921 1625 in
1994 1563 2252 1631 Roma-

721 1685 850 1729 nos
890 1663 1094 1729 fidem
1119 1709 1140 1740 ‚
1191 1672 1313 1725 aut
1363 1657 1426 1722 se
1481 1659 1567 1725 iis
1625 1658 1966 1724 obnoxios
2030 1656 2254 1725 testati

724 1763 895 1831 sunt.
998 1758 1227 1845 Magis
1262 1776 1371 1821 res
1417 1755 1684 1843 patebit
1719 1777 1806 1820 ex
1868 1776 2075 1823 numo
2140 1777 2252 1820 ae·

726 1842 904 1939 neo,
968 1874 1178 1944 quem
1262 1846 1451 1919 infra
1514 1853 2007 1936 recitabimus,
2099 1872 2256 1918 cum

662 1972 667 1977 ·
730 1955 1105 2047 epigraphe
1156 1953 1604 2031 ΡΩΜΑΙΩΝ,
1658 1952 1776 2034 qui
1816 1963 2001 2015 certe
2067 1951 2254 2015 Nea-

726 2056 876 2144 poli
911 2049 1338 2138 Campaniae
1376 2047 1563 2117 cusus
1617 2044 1725 2112 est.
1825 2049 1917 2112 At
1969 2067 2089 2113 cur
2159 2047 2257 2111 in-

726 2152 1050 2241 scriptum
1087 2147 1333 2210 Latine
1375 2145 1444 2209 in
1484 2143 1651 2209 urbe
1699 2142 2021 2210 Graeca?
2072 2142 2258 2228 quali

727 2268 865 2315 non
889 2258 957 2311 et
979 2241 2013 2329 remotissimiPhilippopolitae
2030 2241 2258 2317 Thra-

732 2349 924 2425 ciae,
978 2339 1441 2406 Caesarienses
1497 2337 2033 2425 Cappadociae,
2122 2339 2258 2402 An·

729 2440 1107 2508 tiochenses
1158 2436 1447 2522 Syriae,
1500 2434 1750 2500 Graeci
1787 2455 2070 2521 omnes,
2143 2454 2254 2499 ne-

735 2560 866 2627 que
898 2540 1369 2601 Romanorum
1427 2532 1696 2612 coloni,
1769 2532 2016 2599 Latine
2090 2551 2258 2597 non·

731 2654 1084 2721 nunquam
1129 2631 1279 2697 suos
1320 2629 1778 2716 inscripsissent
1810 2650 2081 2695 numos.
2136 2630 2257 2693 Sa·

731 2758 818 2803 ne
893 2755 1048 2799 cum
1138 2730 1494 2795 verifimile
1586 2729 1914 2810 dixerim,
1963 2747 2260 2813 magnae

737 2832 1073 2908 Graeciae
1113 2875 1133 2905 ,
1185 2828 1301 2891 vel
1333 2813 1607 2890 Siciliae
1646 2823 1819 2888 haec
1855 2823 2091 2888 deberi
2143 2842 2260 2886 nu·

738 2911 1106 3003 mismata,
1173 2922 1654 3012 pronissimum
1694 2932 1879 2998 erat,
1951 2918 2040 2983 ab
2119 2921 2259 2999 ejus

742 3022 989 3091 incolis
1024 3039 1154 3110 per
1212 3018 1431 3105 ipsam
1475 3017 1805 3106 viciniam
1851 3016 2095 3089 adsciri
2125 3015 2262 3079 Ro·

740 3137 1108 3187 manorum
1140 3117 1444 3193 idioma,
1496 3114 1611 3178 vel
1653 3115 1841 3198 quod
1871 3112 2126 3180 vellent
2161 3113 2261 3178 vi·

745 3217 922 3285 ctori
968 3213 1098 3279 sese
1158 3211 1421 3301 populo
1472 3203 2065 3287 adcommodare,
2151 3209 2267 3274 vel

742 3313 931 3402 quod
974 3329 1345 3398 percupere
1376 3309 1731 3376 Romanos
1768 3306 2264 3393 intelligebant,

744 3427 820 3479 ut
851 3430 986 3476 non
1026 3395 1236 3473 modo
1268 3406 1560 3470 eaedem
1598 3404 1780 3492 leges
1803 3452 1821 3485 ,
1874 3403 1984 3468 red
2023 3416 2091 3468 et
2141 3404 2263 3468 lin-

740 3529 881 3598 gua
914 3528 1039 3595 per
1070 3506 1345 3570 Italiam
1388 3503 1717 3566 valerent.
1849 3504 2076 3586 Atque
2153 3522 2265 3566 ea·

746 3605 901 3674 dein
933 3626 1022 3670 ex
1076 3600 1281 3668 causa
1336 3600 1599 3665 numeri
1676 3597 1951 3685 quoque
2030 3597 2267 3665 Latini

740 3704 1029 3771 Graecis
1062 3697 1367 3778 suffecti,
1417 3717 1556 3761 non
1600 3693 1743 3761 solo
1778 3695 1915 3760 hoc
1954 3696 2030 3759 in
2098 3695 2265 3764 urbe

660 3879 667 3885 ,
744 3801 1019 3870 Graeca
1059 3795 1376 3883 exemplo
1405 3842 1426 3873 ,
1477 3813 1641 3858 nam
1681 3796 1846 3858 etin
1885 3794 2105 3858 numis
2142 3794 2264 3878 Sy-

741 3895 1133 3965 racusarum
1220 3905 1290 3956 et
1373 3892 1941 3958 Mamertinorum
2027 3890 2270 3976 legitur

746 3993 934 4063 XIII.
974 3990 1130 4055 XII.
1181 3991 1253 4054 in
1278 3985 1504 4078 -nux'no
1550 3987 2069 4074 Centuriparum
2104 3987 2268 4070 XL,

748 4109 825 4159 ut
861 4110 899 4155 e
947 4087 1272 4155 converso
1315 4099 1514 4151 notas
1548 4086 2017 4150 arithmeticas
2057 4082 2269 4147 Grae·

753 4211 872 4260 cas
917 4188 1203 4274 legimus
1242 4185 1310 4249 in
1367 4184 1593 4248 numis
1650 4182 2000 4246 Romania»
2053 4178 2271 4266 gentis

752 4286 1070 4354 Volteiae
1100 4331 1118 4361 ,
1175 4282 1625 4367 aliarumque.
1729 4277 1934 4364 Quod
1974 4273 2020 4339 fi
2068 4274 2272 4340 urbes

751 4402 1045 4473 magnae
1083 4378 1415 4445 Graeciae
1446 4426 1471 4460 ,
1524 4378 1955 4459 etiam'quae
2015 4372 2273 4439 coloni-

751 4505 836 4550 ae
870 4485 958 4557 R,
996 4499 1133 4545 non
1168 4476 1479 4556 fuerunt,
1532 4483 1853 4560 poterant
1885 4491 2077 4536 more
2137 4472 2273 4534 Ro-

752 4598 1115 4645 manorum
1159 4565 1479 4638 monetae
1531 4571 1686 4633 suae
1719 4589 1975 4649 aeneae
2037 4570 2270 4655 impri-

745 4699 937 4746 mere
978 4669 1335 4762 globulos,
1388 4666 1633 4754 quibus
1676 4668 1819 4752 ejus
1867 4664 2068 4732 valor
2094 4665 2269 4734 indi-

2333 999 2582 1045 aureos
2615 1030 2636 1061 ,
2688 1000 2813 1067 per
2860 999 3034 1064 quas
3069 995 3318 1059 ⁸eorum
3368 982 3679 1049 valorem
3756 1005 3861 1048 re.

2331 1078 2564 1162 spectu
2593 1096 2963 1146 ‚numerum
3019 1076 3285 1141 vilioris
3357 1079 3618 1143 metalli
3643 1128 3664 1160 ,
3741 1083 3858 1146 sed

2336 1173 2651 1253 suorum,
2702 1175 3103 1238 indicarent.
3203 1175 3290 1237 Et
3327 1197 3495 1239 vero
3542 1175 3585 1239 fi
3635 1179 3856 1244 inscri-

2334 1283 2528 1357 ptum
2570 1271 2844 1337 ROMA
2882 1270 3161 1349 demae,
3199 1272 3457 1336 nullam
3485 1274 3698 1339 aliam
3738 1295 3859 1362 po·

2334 1364 2456 1431 test
2497 1368 2818 1433 Nauzeus
2883 1386 3424 1457 commemorare
3489 1374 3859 1437 auctorita·

2334 1477 2500 1544 tem,
2551 1485 2729 1550 quae
2750 1467 3158 1542 ‚Romanam
3189 1465 3322 1530 hos
3352 1487 3599 1553 numos
3635 1488 3861 1534 mone-

2335 1573 2487 1626 tam
2566 1560 3074 1649 comprobaret,
3222 1563 3483 1628 Docuit
3543 1566 3800 1631 Plinius
3834 1612 3860 1645 ,

2339 1670 2690 1723 monetam
2754 1671 3150 1744 argenteam
3200 1661 3470 1724 ratione
3538 1663 3863 1749 ponderis

2338 1755 2627 1819 divisam
2666 1754 2861 1819 fuiss'e
2912 1755 2982 1817 in
3044 1758 3362 1821 denarios
3378 1805 3400 1837 ,
3452 1761 3803 1842 quinarios
3837 1810 3862 1843 ,

2335 1850 2705 1932 sestertios,
2756 1872 3046 1917 aeneam
3077 1854 3147 1917 in
3176 1854 3372 1933 ass‘es,
3421 1854 3705 1921 semiffes
3732 1870 3859 1921 etc.

2345 1948 2824 2015 nonnullorum
2859 1951 3068 2013 etiam
3107 1970 3193 2013 ex
3225 1951 3331 2025 his
3377 1963 3589 2039 typos
3627 1952 3862 2019 defini-

2343 2047 2469 2129 vit,
2521 2058 2596 2112 at
2630 2068 2716 2111 ne
2755 2046 2970 2110 verbo
3000 2047 3277 2135 quidem
3313 2061 3661 2116 monetam
3700 2070 3864 2136 quo-

2344 2163 2474 2229 que
2506 2160 2786 2209 auream
2836 2145 3104 2208 ratione
3148 2146 3472 2229 ponderis
3523 2148 3867 2213 trifariam

2343 2239 2671 2321 divisam,
2726 2260 2937 2326 quam
2979 2241 3376 2307 divilionem
3418 2242 3535 2323 hi,
3589 2245 3674 2309 de
3714 2245 3861 2330 qui·

2341 2336 2469 2401 bus
2500 2339 2765 2425 agimus
2794 2387 2850 2417 ,s
2889 2339 3076 2402 numi
3123 2338 3453 2418 offerunt,
3531 2354 3652 2406 aut
3713 2342 3864 2427 qui·

2342 2432 2470 2499 bus
2546 2433 2804 2501 fuerint
2886 2436 3073 2523 typis
3159 2434 3441 2523 inlignes
3479 2488 3502 2524 ‚
3591 2435 3861 2503 testatus

2344 2529 2458 2596 est.

2433 2628 2634 2695 -Idem
2677 2625 2988 2695 existima
3025 2629 3111 2695 de
3151 2632 3412 2710 numis,
3467 2652 3638 2716 quos
3676 2630 3742 2696 in
3797 2651 3871 2695 e-

2346 2726 2644 2814 pocham
2680 2727 2770 2795 11.
2822 2726 3095 2807 tribuit,
3153 2728 3226 2792 in
3264 2728 3508 2814 quibus
3560 2730 3714 2800 hinc
3758 2749 3869 2794 ca·

2344 2835 2470 2909 put
2511 2824 2702 2902 Iani,
2753 2822 2942 2887 illinc
2976 2826 3272 2904 ROMA,
3325 2837 3392 2889 et
3421 2826 3671 2891 milites
3714 2846 3870 2891 cum

2347 2937 2585 3005 porca.
2685 2919 3071 3000 More-llius,
3121 2922 3378 3006 aliique
3402 2922 3874 2988 numumhunc

2348 3016 2564 3102 gentis
2597 3013 2922 3081 veturiae
2952 3021 3171 3084 numis
3200 3018 3636 3101 inseruerunt,
3685 3022 3879 3106 quod

2351 3113 2421 3176 in
2465 3110 2712 3178 horum
2745 3114 2990 3179 aversa
3028 3114 3400 3180 fimillimus
3468 3115 3556 3181 est
3619 3130 3825 3205 typus
3849 3164 3873 3195 ,

2353 3230 2489 3294 quo
2528 3211 2870 3275 indicatur
2911 3211 3119 3292 ritus,
3173 3232 3311 3298 quo
3365 3214 3665 3279 Romani
3719 3211 3874 3278 foe-

2352 3307 2480 3372 dus
2514 3308 2685 3371 inire
2725 3307 3249 3390 consueverunt,
3304 3310 3389 3373 de
3422 3332 3559 3398 quo
3590 3329 3876 3398 agemus

2351 3404 2421 3469 in
2467 3404 2688 3491 nurnis
2727 3407 3027 3487 ejusdem
3066 3409 3344 3493 gentis·
3430 3412 3522 3472 At
3574 3409 3702 3473 ell'e
3754 3428 3875 3472 nu-

2350 3521 2536 3568 mum
2568 3504 2784 3589 gentis
2827 3505 3188 3584 Veturiae,
3240 3520 3497 3570 certum
3547 3525 3690 3569 non
3745 3501 3875 3583 est,

2351 3619 2515 3664 nam
2549 3597 2737 3665 abest
2778 3604 2920 3684 ejus
2970 3622 3243 3667 nomen.
3344 3603 3612 3667 Deinde
3667 3615 3876 3689 typus

2349 3696 2652 3762 foederis
2684 3698 2982 3762 Romani
3019 3699 3406 3764 Romanum
3487 3701 3698 3764 etiam
3751 3717 3869 3786 nu·

2353 3814 2539 3858 mum
2580 3812 2718 3856 non
2758 3796 3014 3878 arguit3
3067 3815 3227 3860 nam
3279 3798 3461 3861 idem
3526 3794 3614 3859 est
3663 3796 3875 3860 etiam

2351 3891 2422 3953 in
2445 3890 2674 3962 numis
2710 3891 3119 3982 Acerrarum
3158 3892 3580 3980 Campaniae
3606 3940 3625 3972 ,
3713 3893 3878 3978 quin

2357 3998 2425 4050 et
2473 3985 2544 4047 in
2594 3984 3015 4069 Samniticis,
3089 4009 3262 4073 quos
3332 3990 3672 4078 percuss‘os
3748 3989 3876 4052 ess'e

2358 4082 2698 4147 credimus
2732 4081 2916 4148 bello
2949 4084 3183 4150 sociali
3218 4085 3309 4151 ab
3340 4088 3689 4152 acerrimis
3739 4087 3878 4149 Ro-

2358 4199 2515 4244 mae
2549 4176 2871 4249 hostibus.
2970 4173 3267 4248 At'vero
3329 4185 3557 4272 operis
3610 4182 3878 4269 elegan-

2357 4278 2496 4356 tia,
2552 4278 2831 4362 quaein
2866 4277 2975 4343 his
3008 4281 3230 4346 numis
3279 4280 3539 4345 summa
3587 4277 3712 4357 est,
3807 4292 3884 4343 et

2356 4373 2668 4440 Graecae
2704 4375 2870 4438 artis
2903 4375 3261 4442 illecebras
3298 4380 3567 4465 penitus
3591 4377 3880 4463 spiranS,

2357 4475 2695 4559 conjicere
2722 4470 2894 4537 facit
2918 4521 2937 4554 ,
2989 4476 3059 4537 in
3090 4477 3334 4538 eodem
3358 4479 3502 4539 'eos
3535 4474 3679 4538 solo
3716 4492 3877 4559 pro·

2358 4583 2630 4657 gnatoS,
2682 4591 2819 4655 quo
2854 4573 3340 4657 praecedentes
3363 4573 3699 4636 diximus.
3755 4570 3879 4635 Sa-

2355 4687 2443 4734 ne
2476 4668 2739 4754 utrique
2769 4669 2941 4734 artis
2979 4667 3125 4737 sunt
3162 4666 3616 4757 perfectioris,
3643 4686 3882 4756 *quam
