4175 5450
1344 620 1754 704 DIDIA.
1868 619 2509 702 DOMITIA.

3305 652 3478 702 ’201

1630 1016 2193 1106 DIDIA.

435 1224 617 1292 Gens
646 1223 939 1315 piebeia.

634 1327 840 1411 Caput
863 1319 1188 1410 galeatum
1236 1317 1528 1399 alatum,

629 1424 735 1500 X,
787 1433 847 1486 et
894 1420 1167 1484 ROMA
1215 1421 1284 1482 in
1358 1435 1866 1504 monogramma·

632 1531 714 1585 te.

337 1615 431 1682 T.
470 1615 756 1679 DEIDI.
799 1614 868 1680 V
863 1617 1145 1679 ir=curto
1186 1609 1427 1691 habitu,
1472 1614 1872 1699 praecinctus

327 1716 695 1797 parazonio
722 1758 742 1784 ‚
774 1711 833 1798 s
878 1712 1148 1796 clypeum
1199 1720 1407 1775 tenens
1431 1758 1451 1787 ‚
1516 1720 1575 1774 et
1638 1711 1699 1774 d.
1727 1710 1867 1793 fla-

328 1811 556 1893 gellum
593 1806 880 1873 attollens
942 1811 1207 1896 castigat
1268 1810 1475 1871 virum
1539 1807 1772 1873 nudum
1811 1814 1872 1869 et

335 1915 655 1970 armatum
696 1905 1053 1993 adstantem.
1157 1905 1303 1967 AR.
1359 1905 1439 1965 R.

435 2002 542 2064 De
580 2013 977 2087 argumento
1030 1999 1224 2082 hujus
1277 2002 1465 2063 numi
1521 2001 1864 2087 longaeva

341 2095 431 2160 est
461 2100 635 2161 inter
667 2098 969 2159 eruditos
1010 2098 1135 2178 lis,
1189 2110 1255 2160 et
1295 2098 1363 2159 in
1428 2096 1604 2163 hunc
1653 2100 1862 2175 diem,

336 2206 410 2256 ut
444 2196 762 2269 videtur,
835 2194 1135 2255 nondum
1204 2194 1446 2260 decisa.
1575 2195 1714 2257 Alii
1774 2195 1867 2256 ad

341 2286 705 2371 castigatos
748 2287 929 2348 bello
966 2287 1187 2349 servili
1243 2288 1512 2371 servos,
1579 2290 1696 2351 alii
1767 2291 1862 2352 ad

336 2382 711 2446 restitutam
749 2403 791 2444 a
856 2382 1067 2443 Didio
1133 2383 1555 2466 disciplinam
1616 2385 1862 2446 milita·

337 2500 522 2557 rem,
578 2493 643 2543 et
681 2479 963 2541 militem
1010 2498 1054 2541 a
1088 2480 1480 2542 centurione
1542 2480 1683 2542 vite
1743 2499 1862 2576 pu·

340 2579 557 2639 nitum
595 2574 942 2654 referunt,
998 2575 1114 2636 alii
1153 2576 1340 2639 aliud
1380 2576 1666 2653 censent,
1698 2595 1868 2660 quo-

341 2693 489 2738 rum
554 2673 910 2737 sententias
962 2674 1147 2736 tenui
1210 2675 1601 2755 conjectura
1666 2676 1865 2741 nixas

342 2771 675 2834 recensuit
716 2773 900 2832 Baro
946 2770 1362 2837 Bimardus.
1347 2791 1411 2831 m
1454 2789 1743 2855 pat-ergo
1781 2771 1865 2832 de

346 2869 531 2945 vita,
586 2868 785 2931 rebus
815 2864 1006 2951 gestis
1037 2915 1063 2948 ‚
1134 2879 1199 2928 et
1235 2870 1457 2930 numis
1496 2869 1583 2933 T.
1625 2868 1865 2944 Didii,

348 2965 509 3047 quin
544 2952 812 3041 tamen,
867 2984 1037 3048 quas
1081 2964 1219 3046 ipse
1267 2964 1537 3041 attulit,
1591 2966 1867 3042 majoris

345 3061 470 3122 ess'e
513 3062 837 3146 ponderis
862 3062 1241 3125 videantur.
1342 3062 1517 3126 Vide
1559 3074 1625 3125 et
1657 3062 1867 3148 Span-

343 3153 668 3225 hemium.
724 3155 787 3239 a)

1089 3254 1123 3287 ᾳ

630 3352 707 3414 Ρ.
756 3349 1233 3421 FONTEIVS.
1296 3350 1661 3413 ΟΑ.ΡῙΤΟ
1732 3350 1873 3411 ΙΠ-

1950 1223 2038 1286 Τ.
2083 1220 2311 1287 DIDI.
2353 1219 2542 1286 IMP.
2583 1219 2758 1285 VIL.
2783 1220 2982 1286 PVB.
3034 1223 3335 1290 Porticus
3374 1226 3485 1291 du-

1577 1323 1647 1385 in
1714 1340 1868 1387 area
1939 1319 2093 1406 plici
2134 1321 2204 1383 in
2240 1318 2435 1386 altum
2474 1317 2896 1386 columnarum
2921 1318 3084 1406 serie
3155 1327 3491 1411 conspicua.

1950 1417 2101 1480 AR.
2155 1417 2241 1485 R.

2052 1512 2309 1578 Omiss'a
2344 1515 2616 1592 antica,
2668 1505 2844 1598 quae
2891 1511 3026 1576 huc
3092 1534 3230 1577 non
3285 1517 3489 1600 perti-

1951 1620 2102 1686 net,
2154 1608 2484 1696 posticam
2526 1612 2953 1698 inspiciemus
2990 1658 3010 1686 ‚
3083 1633 3262 1696 quae
3330 1631 3486 1675 ocu-

1949 1704 2033 1766 lis
2084 1706 2360 1788 oincit,
2415 1723 2482 1770 et
2537 1706 2835 1771 inscribit
2881 1707 3170 1772 VILlam
3209 1707 3496 1773 oevssli·

1949 1822 2107 1866 cam.
2211 1804 2369 1884 Ejus
2416 1806 2604 1867 usum
2664 1802 2965 1889 explicat
3042 1809 3261 1867 Varro
3313 1825 3493 1867 com·

1949 1902 2265 1985 parando
2328 1902 2520 1966 illam
2592 1921 2744 1965 cum
2828 1899 2996 1961 villa
3047 1902 3365 1965 Reatina.
3419 1890 3486 1978 b)

1944 1999 2141 2081 Haec,
2195 1998 2532 2084 (publica)
2584 2021 2715 2084 quo
2781 1997 3122 2083 succedant
3175 2016 3206 2060 e
3275 2018 3489 2082 campo

1944 2099 2147 2179 civeS,
2193 2096 2319 2170 illa,
2365 2096 2719 2181 (Reatina)
2773 2115 2894 2179 quo
2947 2113 3135 2178 equae
3216 2087 3274 2157 εἰ*
3316 2097 3488 2180 asini.

1950 2194 2294 2257 Praeterea
2343 2214 2476 2256 cum
2501 2192 2611 2256 ‘ad
2669 2212 2867 2276 remp.
2937 2192 3494 2279 administrandam

1945 2287 2096 2352 haec
2111 2292 2196 2372 fit
2229 2290 2441 2364 utilis,
2518 2289 2629 2353 ubi
2685 2287 2967 2352 cohortes
3037 2290 3125 2353 ad
3198 2290 3487 2354 delectum

1943 2385 2502 2467 consuli-adductae
2528 2388 2874 2471 considant,
2926 2386 3034 2448 ubi
3068 2406 3252 2449 arma
3287 2390 3482 2476 osten.

1944 2480 2138 2554 dant,
2189 2480 2296 2541 ubi
2343 2478 2610 2565 censores
2649 2480 2816 2566 censu
2866 2481 3206 2544 admittant
3241 2506 3448 2566 pop-u-

1945 2576 2131 2640 lums
2194 2577 2306 2638 Ali
2313 2597 2421 2638 um
2474 2576 2659 2638 usum
2699 2588 3051 2660 memorat
3111 2575 3388 2643 Livius:
3428 2587 3483 2662 ⁰)

1950 2672 2325 2740 Macedones
2362 2670 2604 2738 deducti
2630 2680 2822 2743 extra
2855 2669 3071 2737 urbem
3134 2675 3200 2737 in
3269 2678 3483 2745 villam

1944 2772 2279 2856 publicam,
2330 2769 2532 2855 ibique
2567 2769 2918 2846 illisiones,
2969 2770 3267 2838 etlautia
3293 2797 3482 2860 prae·

1952 2869 2107 2933 bita.
2210 2868 2407 2930 Adde
2445 2867 2614 2930 alibi
2670 2866 2989 2949 Livium,
3042 2855 3107 2947 ἆ)
3179 2882 3247 2932 et
3296 2872 3491 2937 Cice-

1953 2986 2216 3029 ronem.
2267 2960 2328 3044 e)
2436 2962 2656 3027 Causa
2693 2965 2857 3025 item
2914 2963 3112 3044 hujus
3175 2968 3324 3051 typi
3387 2971 3484 3036 in

1955 3076 2188 3138 certa,
2244 3073 2317 3123 ut
2352 3074 2418 3123 et
2458 3060 2617 3140 illa,
2625 3064 2631 3069 “
2671 3080 2877 3145 quarn
2910 3061 3272 3126 Bimardus
3313 3079 3490 3132 attu-

1954 3160 2055 3222 lit.
2113 3147 2165 3241 f)
2268 3157 2372 3219 De
2420 3158 2504 3221 T.
2570 3157 2783 3219 Didio
2834 3158 3252 3223 lMPeratore
3316 3163 3493 3229 haec

1953 3253 2302 3318 Sallustius
2349 3256 2534 3337 apud
2569 3251 2903 3314 Gellium·
2957 3252 3020 3331 8)
3079 3262 3479 3343 magnaglo-

1949 3354 2055 3415 ria
2090 3351 2385 3415 tribunus
2438 3351 2703 3411 militum
2755 3347 3160 3435 (Sertorius)
3228 3359 3298 3422 in
3350 3357 3483 3423 Hi..

633 3447 816 3508 VIR.
858 3444 1423 3509 CONCORDIA.
1485 3446 1685 3528 Caput
1703 3445 1865 3509 Con·
1930 3447 2171 3531 spania
2216 3450 2288 3521 T
2325 3445 2519 3512 Didio
2553 3447 2948 3529 imperatore.

637 3539 887 3605 cordiae
917 3540 1204 3605 velatum.

1499 3826 2367 3913 DOMITIAz.

450 4027 881 4116 Cognomina
922 4018 987 4093 in
1040 4035 1306 4097 numis:
1361 4030 1877 4111 Ahenobarbus,

348 4131 533 4208 euius
577 4132 904 4213 originem
932 4131 1226 4194 nominis
1268 4131 1443 4193 hanc
1480 4133 1686 4192 tradit
1708 4132 1869 4193 Sue-

345 4227 572 4287 tonius
596 4271 615 4302 ,
666 4218 734 4307 ¹²)
787 4240 855 4290 et
874 4227 1302 4305 Plutarchus,
1339 4229 1395 4310 ἱ)
1432 4229 1519 4304 ei,
1552 4229 1665 4311 qui
1694 4230 1870 4312 prin·

417 4494 580 4553 a)T.
620 4494 690 4544 11.
733 4511 787 4564 p.
826 4511 947 4563 229

351 4565 411 4623 e.)
452 4560 525 4613 ad
565 4563 723 4613 Auia
763 4563 1225 4638 L.1v.ep.16.

348 4631 614 4686 Aemii.lo

449 4707 639 4795 (Vol.
696 4707 817 4790 V.)

1430 4567 1636 4636 ῦιο.

1142 4495 1511 4562 b)d0R..R
1552 4499 1844 4563 1...ωο
1884 4515 1933 4550 2.

1846 4568 2337 4639 g)L.11,c.27.

1962 4054 2124 4118 ceps
2167 4033 2331 4097 iuud
2365 4032 2776 4118 adoptavit,
2850 4035 2984 4098 ruri
3039 4020 3314 4112 juvenes
3374 4053 3489 4120 ge·

1956 4132 2179 4193 minos
2229 4128 2607 4215 augustiore
2659 4130 2884 4195 forma
2946 4130 3171 4194 factos
3216 4131 3491 4215 obvios,

1955 4224 2023 4289 εί
2060 4229 2415 4312 imperass'e
2440 4276 2481 4307 ‚.
2517 4230 2866 4292 nunciaret
2906 4228 3160 4291 senatui
3203 4228 3489 4291 victori·

2130 4499 2177 4559 c)
2219 4497 2282 4548 L.
2320 4495 2599 4551 xxxin.
2638 4514 2680 4549 c.
2719 4515 2773 4561 9,

2541 4567 2603 4635 h)
2639 4568 2707 4620 in·
2732 4564 2949 4626 Neron.
2989 4581 3036 4622 c.
3080 4580 3127 4617 ι.

2960 4705 3104 4772 Cc

2973 4495 3032 4561 d)
3067 4494 3134 4553 Ι...
3173 4492 3276 4545 lv.
3314 4510 3359 4545 c.
3400 4510 3488 4546 ιη.

3351 4565 3391 4628 i)
3428 4565 3488 4617 in
