4175 5450
1266 539 1631 629 NVMIK
1726 479 2654 619 convaAREs

396 742 849 826 ROMANO.'
913 749 1099 837 Lupa
1131 744 1424 837 gemellos
1462 747 1725 816 lactans.
1775 744 1923 809 AR.

398 854 491 923 11.
545 848 788 928 (Musei
826 846 1048 930 Caes.)

500 947 838 1027 ROMAN
848 948 933 1023 Ο,
963 947 1165 1032 Caput
1179 944 1510 1031 Apollinis.
1530 949 1587 1017 π
1605 944 1823 1029 Equus
1819 940 1927 1028 sa

399 1041 841 1132 tiens‚supern'e
855 1046 1102 1131 astrum.
1126 1044 1533 1128 AR.(Beger
1548 1040 1729 1125 l.c.p.
1746 1057 1792 1127 3
1798 1033 1940 1124 58)

506 1144 709 1226 Caput
764 1145 1013 1209 Martis
1054 1139 1377 1225 galeatum
1422 1137 1782 1204 barbatum.
1871 1143 1930 1210 x

401 1240 831 1307 ROMANO.
890 1240 1093 1324 Caput
1144 1238 1281 1325 equi
1324 1237 1703 1324 frenatum,

385 1339 587 1427 spica.
638 1338 785 1400 AR.
833 1337 919 1399 ΙΙ.
969 1335 1169 1412 (Mus.
1212 1333 1438 1413 Caes.)

502 1431 926 1497 ROMANO.
983 1433 1206 1516 Caput
1233 1430 1533 1499 PaHadt’s.
1631 1437 1691 1505 x
1768 1428 1922 1492 Ro-

402 1531 700 1595 MANO.
782 1529 1025 1614 Aquila
1090 1529 1196 1617 ms
1180 1531 1349 1617 stem
1405 1527 1682 1614 fulmini.
1780 1526 1922 1591 AE.

403 1626 550 1705 fere
602 1629 652 1690 1.
706 1626 904 1705 (Mus.
940 1624 1158 1706 Caes.)

506 1722 710 1808 Caput
746 1722 1040 1791 Palladis.
1142 1727 1199 1795 ΣΕ
1269 1718 1641 1808 Epigraphe
1679 1724 1923 1799 varia,

1766 1253 1928 1320 pone

262 1813 269 1819 ·
400 1818 826 1883 Romano,
885 1818 1242 1881 ROMAN.
1328 1819 1622 1885 Romu
1724 1768 1925 1895 (Μαί

401 1917 588 1985 Caes.
632 1928 698 1977 et
751 1912 1163 1995 Neumann.)
1273 1917 1622 1981 ROMAA.
1723 1914 1931 2002 (Mus.

406 2009 635 2092 Caes.)
692 2010 1086 2075 ROMAAC.
1142 2014 1435 2087 (Hunter
1490 2013 1634 2078 tab.
1690 2015 1809 2091 46.
1862 2032 1951 2079 η..

403 2111 585 2189 vn.)
639 2108 1101 2173 ROMAAOC.
1155 2109 1362 2195 (Mus.
1410 2107 1635 2193 C‘aes.)
1711 2111 1928 2175 OMA-

407 2208 601 2271 AOC.
659 2205 968 2279 (Oderici
1048 2206 1246 2268 Num.
1332 2204 1579 2272 Graec.
1639 2229 1711 2294 p.
1773 2203 1985 2290 32.)

412 2303 611 2387 Caput
650 2302 785 2385 equi
803 2298 1160 2383 frenatum.
1215 2302 1356 2363 AE.
1396 2302 1515 2366 111.

507 2398 616 2459 De
668 2396 1145 2459 terminatione
1175 2397 1241 2456 in
1286 2399 1444 2472 ΝΟ,
1501 2418 1676 2480 quae
1719 2398 1787 2457 in
1824 2395 1929 2458 his

406 2494 632 2558 numis
666 2492 951 2575 legitur,
1001 2480 1144 2551 tum
1182 2502 1251 2552 et
1289 2492 1375 2551 de
1421 2512 1658 2553 eorum
1702 2491 1931 2574 patria

401 2595 548 2675 jam
592 2589 698 2674 egi
762 2586 1113 2649 volumine
1193 2587 1258 2650 l.
1338 2587 1406 2650 in
1472 2587 1931 2651 dissertatione

338 2712 344 2719 ’
408 2673 835 2771 Campaniae
860 2683 1079 2747 numis
1110 2688 1493 2769 conjuncta.
1595 2684 1705 2748 Ad
1725 2696 1932 2769 typos

408 2788 595 2871 quod
636 2784 914 2862 attinet,
965 2800 1204 2843 numus
1242 2782 1326 2847 ΙΙ.
1369 2782 1731 2858 Herculem
1775 2801 1929 2848 cum

408 2879 713 2969 gemellis
750 2898 794 2940 a
826 2876 993 2961 lupa
1042 2879 1308 2941 nutritis
1352 2880 1583 2964 jungit.
1681 2879 1927 2968 Typus

407 2979 521 3043 hic
564 2976 834 3040 uberius
885 2972 1323 3037 illustrabitur
1355 2976 1422 3038 in
1463 2978 1680 3038 numis
1716 2979 1929 3037 Anto·

406 3076 559 3139 nini
589 3072 696 3135 Pii
735 3071 1214 3153 antiquitatem
1252 3074 1639 3137 Romanam
1678 3070 1927 3134 restitu-

409 3163 706 3237 entib‘us.
775 3155 789 3165 ⁸
826 3168 904 3228 In
958 3188 1165 3230 numo
1251 3170 1372 3232 111.
1432 3170 1711 3234 videtur
1773 3169 1930 3230 hinc

406 3267 663 3353 Apollo
688 3312 708 3342 ‚
759 3263 945 3325 illinc
981 3283 1190 3348 equus
1216 3312 1237 3344 ‚
1292 3268 1406 3348 qui
1438 3277 1722 3352 propter
1752 3265 1930 3326 radi·

410 3379 638 3429 antem
676 3361 954 3445 superne
985 3359 1239 3424 stellam
1281 3362 1425 3447 Soli
1465 3363 1650 3425 sacer
1692 3359 1780 3423 est
1813 3383 1929 3445 pu·

408 3463 678 3526 taudus,
795 3457 1132 3519 Aliorsum
1187 3477 1357 3521 vero
1414 3456 1717 3532 constat,
1789 3457 1935 3520 Soli

412 3574 626 3639 equos
665 3553 856 3617 fuisse
892 3552 1153 3629 sacros»,
1207 3565 1276 3614 et
1328 3550 1784 3629 sacrificatos‚
1865 3564 1935 3613 et

411 3651 625 3717 variis
674 3650 742 3711 in
771 3648 1161 3731 regionibus
1201 3652 1342 3732 ejus
1385 3647 1631 3710 honori
1673 3667 1758 3709 ex
1812 3666 1931 3731 pu·

405 3750 607 3815 blico-
645 3746 957 3809 nutritos.
1110 3744 1220 3807 Sic
1303 3744 1657 3821 Rhodios,
1746 3741 1948 3828 apud

409 3865 583 3931 quos
667 3839 1078 3929 praecipuus
1173 3838 1305 3904 fuit
1395 3840 1574 3903 Solis
1666 3841 1882 3903 cultus
1911 3886 1930 3917 ,

406 3941 769 4029 quotannis
807 3937 1172 4023 quadrigas
1209 3935 1351 4011 Soli
1390 3936 1814 4001 consecratas
1865 3938 1933 4000 in

406 4059 600 4106 mare
646 4034 1000 4119 abjecisse,
1055 4036 1241 4118 quod
1305 4035 1362 4098 is
1412 4034 1535 4097 tali
1595 4034 1930 4097 curriculo

412 4136 816 4201 credebatur
858 4131 1274 4194 circumvehi
1320 4130 1672 4208 mundum,
1723 4129 1944 4194 refert.

264 4251 269 4256 ·
405 4232 656 4316 Festus·
706 4227 771 4312 ²)

1996 2683 2167 2767 ‚jicit
2205 2683 2496 2747 indicari
2538 2682 2787 2746 Temni
2840 2686 3284 2751 conditorem.

920 4227 997 4289 ln
1064 4248 1271 4291 numo
1343 4228 1456 4290 IV.
1496 4227 1657 4289 hinc
1724 4241 1946 4312 caput

3432 559 3531 630 49

2016 763 2229 808 mana
2262 741 2376 807 hic
2411 754 2620 829 typus
2658 741 2848 807 sacra
2883 744 3198 830 pertinet.
3297 753 3539 823 Refert
3662 760 3683 786 ³

2018 841 2293 918 Festus,
2345 828 2411 924 l')
2463 843 2737 928 Equiria
2773 840 2952 919 ludi,
3024 864 3182 930 quos
3237 848 3544 921 Romarm

2018 941 2237 1004 Marti
2269 939 2531 1029 irfiituit
2571 959 2689 1024 per
2739 957 3033 1024 equorum
3091 945 3368 1035 cursum,
3415 954 3545 1038 qui

2019 1037 2091 1101 in
2113 1057 2334 1121 rampo
2375 1039 2625 1101 Martio
2671 1037 3102 1112 exercebatur,
3201 1043 3309 1106 De
3362 1067 3542 1132 equo

2022 1136 2214 1198 dicto
2247 1134 2569 1214 Octobri,
2623 1137 2739 1218 qui
2791 1133 3056 1219 lingulis
3092 1140 3287 1204 annis
3326 1144 3542 1211 Marti
3615 1170 3623 1179 ·

2017 1232 2089 1294 in
2149 1251 2399 1317 campo
2465 1234 2726 1295 Martio
2777 1232 3313 1315 immolabatur,
3380 1241 3540 1305 vide

1989 1331 2305 1392 =eundem
2361 1324 2669 1406 Festum,
2725 1328 2822 1406 (in
2874 1329 3139 1395 October
3194 1334 3419 1446 equus)
3475 1349 3543 1403 et

2017 1444 2197 1510 quae
2238 1428 2325 1490 ad
2366 1425 2545 1488 hunc
2584 1423 2759 1488 Festi
2793 1426 3020 1489 locum
3060 1430 3319 1495 erudite
3352 1416 3541 1498 disse-

2016 1526 2108 1587 rit
2148 1523 2420 1609 Gaspar
2439 1524 2794 1590 OdericuS.
2817 1519 3056 1605 ⁰.)Kal
3082 1526 3226 1591 Ian.
3246 1530 3544 1593 aeonsu

2015 1621 2081 1684 le
2134 1621 2287 1684 Iovi
2343 1620 2488 1683 Soli
2530 1640 2779 1704 equum
2824 1619 3191 1686 sacrificari
3232 1626 3542 1712 solitum,

2017 1731 2253 1780 narrat
2285 1718 2493 1782 Laur.
2535 1719 2795 1802 Lydus.
2850 1706 2906 1794 ἆ)
3055 1792 3060 1797 .

2113 1817 2370 1890 Numi,
2423 1835 2592 1899 quos
2637 1815 3010 1899 postremos
3043 1819 3396 1904 proposui,
3457 1843 3555 1887 eo

2023 1912 2344 1979 differunt
2371 1961 2389 1989 ,
2445 1913 2632 1998 quod
2663 1933 2896 1976 eorum
2937 1914 3244 2000 plerique
3283 1937 3407 2001 pro
3440 1919 3540 1982 so·

2021 2014 2148 2075 lito
2231 2009 2637 2073 ROMANO
2703 2002 3052 2073 vocabula
3137 2011 3430 2077 offerunt
3494 2037 3550 2081 a

2022 2107 2230 2171 ROM
2275 2107 2555 2191 quidem
2622 2106 3058 2193 incipientia,
3142 2109 3256 2172 sed
3343 2115 3541 2177 varie

2023 2205 2270 2268 deinde
2371 2202 2780 2280 desinentia,
2859 2223 2934 2268 ut
3013 2204 3333 2270 v'idimuS.
3436 2207 3548 2278 Cl

2022 2301 2355 2365 Odericus
2410 2301 2634 2385 legere
2691 2299 2811 2362 fibi
2863 2301 2934 2363 in
3011 2300 3127 2366 suo
3207 2303 3385 2368 visus
3451 2304 3553 2370 esti

2024 2397 2452 2471 ΟΜΑΛΟΕ,
2506 2409 2581 2458 ut
2628 2396 2828 2480 supra
2866 2400 3170 2478 dictum,
3249 2420 3538 2484 eumque

2020 2490 2220 2572 hujus
2273 2478 2531 2553 fiducia
2568 2492 3017 2575 inscriptionis
3059 2489 3298 2557 tribuit
3332 2497 3537 2560 Tem-

2021 2605 2112 2648 no
2150 2586 2458 2649 Aeolidis
2498 2586 2690 2669 urbi,
2740 2601 2806 2648 et
2837 2588 2972 2651 hoc
3000 2590 3346 2653 vocabulo
3384 2613 3558 2657 con·-

3410 2692 3539 2753 Ve-

2019 2801 2171 2842 rum
2223 2777 2430 2842 facile
2468 2780 2634 2843 mihi
2683 2779 3058 2866 persuadeo
3092 2829 3112 2860 ,
3179 2803 3265 2847 ex
3333 2805 3560 2849 numo-

2016 2877 2136 2939 suo
2186 2876 2498 2938 excidisse
2534 2877 2804 2940 literam
2865 2878 3158 2963 primam
3201 2881 3306 2958 R,
3360 2902 3542 2945 eum

2019 2994 2149 3059 que
2179 2993 2424 3036 revera
2461 2973 2766 3036 eundem·
2789 2974 2913 3036 ess'e
2956 2994 3109 3036 cum
3149 2976 3367 3040 altero
3397 2999 3540 3042 mu-

2019 3071 2111 3132 sei
2160 3066 2475 3134 Caesarei
2506 3070 2822 3156 inscripto
2893 3072 3348 3138 ROMAAOC.
3449 3080 3544 3139 At

2019 3168 2199 3230 enim
2252 3153 2458 3250 quam
2507 3165 2863 3231 statuemus
2908 3170 3207 3231 varianti
3239 3170 3398 3232 huic
3437 3171 3560 3234 in-

2016 3264 2366 3349 scriptioni
2392 3257 2993 3347 significationem.
2973 3266 3006 3307 ‘²
3056 3263 3226 3327 Cum
3277 3286 3347 3329 re
3386 3288 3558 3330 eam

2018 3361 2342 3423 Romana
2422 3361 2956 3422 connectendam
3056 3358 3264 3425 facile
3308 3375 3554 3449 patet„

2020 3456 2225 3537 Quod
2261 3455 2351 3556 ad
2383 3453 2774 3515 insolentem
2819 3457 3220 3539 variumque
3280 3462 3558 3522 exitum

2017 3554 2302 3626 attinet,
2354 3550 2541 3611 haud
2578 3550 3037 3627 aberravero,
3090 3550 3134 3612 fi
3192 3553 3321 3616 hos
3371 3575 3539 3637 quo·

2019 3667 2150 3730 que
2187 3647 2476 3731 signatos
2506 3642 2808 3710 existimo
2853 3666 2892 3707 a
2915 3645 3287 3728 Campanis
3325 3649 3541 3728 OsciS,

2014 3742 2086 3803 in
2125 3754 2270 3804 arte
2308 3741 2583 3824 quidem
2604 3742 2984 3804 monetaria
3017 3740 3560 3826 praestantibus,

2017 3859 2178 3902 nam
2227 3837 2533 3923 elegante
2599 3859 2832 3901 omnes
2906 3838 3051 3902 sunt
3095 3857 3349 3924 opere,
3427 3840 3543 3903 sed

2020 3937 2136 4019 qui
2180 3934 2479 4020 linguam
2513 3934 2628 3998 seu
2654 3934 3017 4016 Graecam,
3069 3934 3181 4001 seu
3219 3936 3560 4001 Latinam.

2019 4051 2424 4118 corrupere..

2759 4129 2794 4162 D

2113 4218 2369 4312 Aquila
2409 4180 2696 4312 expatzfis
2748 4227 2871 4291 atis
2931 4180 3196 4311 Julmm·
3219 4210 3569 4312 anguibus-r

407 4332 695 4407 Martie,
734 4327 920 4391 illinc
963 4344 1174 4409 equus
1212 4324 1561 4390 dimidius».
1662 4327 1773 4388 Ad
1797 4327 1930 4387 Ro·
2007 4325 2286 4405 stringit.
2339 4332 2396 4398 χ
2427 4323 2935 4387 ROMANOM.
2986 4325 3264 4412 Pegasus
3291 4326 3560 4389 volans.-

1083 4532 1143 4605 b)
1180 4537 1239 4588 in
1251 4580 1257 4585 .
1271 4536 1522 4607 Equiria.

477 4518 539 4596 ο.)
571 4539 629 4587 in
666 4535 912 4606 Equuus.
956 4566 961 4570 ·

500 4612 709 4699 QVol„
742 4612 881 4698 V.)

1694 4537 1743 4607 e)
1781 4534 1853 4589 de
1888 4532 2398 4604 numo.Oreitirigis
2432 4551 2491 4606 p.
2526 4547 2615 4602 45,

2768 4531 2830 4600 d)
2863 4531 2934 4587 de
2975 4530 3211 4671 Mergb.
3229 4533 3322 4582 in.
3341 4532 3490 4585 Ian...
