4175 5450
1737 599 2162 680 IVNIA.
2259 651 2264 658 ·

343 789 687 898 personati
723 819 792 875 et
839 803 1006 873 stola
1048 805 1268 872 induti
1317 825 1441 892 per
1470 801 1707 870 urbem
1747 793 1866 869 ‘'va-

349 920 705 992 garentur‚
758 907 843 971 de
905 927 1043 990 quo
1099 905 1449 970 liberalius
1490 915 1728 990 agetur
1768 902 1866 965 in·

3351 628 3481 695 23²

1956 801 2337 888 Cleopatra
2418 798 2675 867 bellum
2743 814 3150 890 erumperet.
3201 790 3268 889 1’)
3363 804 3478 870 Ab
3569 869 3574 874 ,

1954 899 2091 963 hoc
2138 901 2208 962 in
2250 911 2548 963 navatae
2607 919 2863 987 operae
2909 901 3293 986 praemium
3375 904 3475 968 di-

342 1002 454 1068 fra
497 1005 568 1068 in
606 1004 830 1068 nuruis
869 1004 1093 1089 gentis
1114 1002 1448 1066 Plautiae
1548 1002 1662 1063 Ad
1697 996 1868 1062 istud
1954 1009 2102 1061 ctus
2149 994 2376 1059 consul
2409 1000 2493 1060 V.
2536 995 2613 1061 C.
2651 1015 2812 1078 729.
2911 998 3128 1061 Fuiss‘e
3160 1018 3314 1062 eum
3353 1019 3470 1063 au·

345 1102 672 1174 adludere
712 1101 1069 1189 personam
1105 1099 1382 1164 alterius
1411 1097 1675 1161 denarii
1707 1116 1863 1160 con-

225 1282 229 1285 *
339 1198 551 1277 jicio,
601 1218 765 1263 nam
810 1211 878 1265 et
910 1197 1267 1311 personam
1303 1194 1629 1261 exhibent
1658 1194 1863 1257 dena-

341 1294 430 1358 rii
482 1295 778 1376 Plautii,
831 1296 950 1381 qui
1008 1293 1099 1358 ad
1153 1295 1337 1359 idem
1386 1301 1861 1378 argumentum

346 1388 481 1455 line
527 1390 737 1457 dubio
798 1392 1162 1479 pertinent.

340 1486 864 1577 Havercampus
904 1488 1029 1552 ell'e
1077 1500 1283 1574 caput
1335 1486 1579 1550 Fauni.
1608 1481 1859 1549 diserte

343 1581 654 1652 statuunt.
750 1586 899 1650 Ess'e
922 1587 1139 1649 Fauni
1172 1584 1379 1649 facile
1416 1585 1699 1670 dedero,
1745 1579 1860 1643 sed

339 1680 703 1766 personam
736 1729 758 1761 ‚
808 1703 944 1748 non
985 1694 1193 1771 caput
1219 1727 1241 1763 ,
1289 1700 1451 1745 nam
1488 1676 1668 1744 deest
1720 1677 1856 1740 col·

337 1776 483 1840 lum
517 1789 704 1842 certo
766 1780 1092 1864 personae
1150 1778 1445 1842 criteri0.
1559 1777 1667 1839 Ex
1719 1793 1857 1858 quo

338 1872 483 1938 alia
550 1875 845 1939 occurrit
929 1878 1359 1960 conjectura,
1424 1875 1756 1937 intentam
1813 1889 1860 1934 a

333 1968 572 2036 Silano
609 1968 799 2035 fuiss'e
822 1972 1175 2059 personam
1214 1970 1421 2036 Sileni
1435 1990 1573 2035 non
1600 1969 1859 2034 incom-

336 2068 552 2132 moda
595 2068 688 2132 ad
723 2088 974 2134 nomen
1009 2070 1193 2134 suum
1241 2067 1627 2141 adlufione3
1694 2086 1857 2132 nam

334 2182 469 2248 pro
508 2167 773 2243 Σιληνος
811 2166 1035 2229 Dores
1074 2167 1308 2229 dixere
1347 2168 1615 2242 Σιλανος
1638 2199 1693 2241 ,-
1729 2162 1857 2225 ho-

334 2278 488 2320 rum
529 2257 829 2322 dialecto
847 2260 1118 2345 linguae
1138 2261 1429 2323 Latinae
1446 2261 1693 2323 amica.
1746 2259 1859 2322 Sic

342 2365 412 2416 et
432 2354 838 2417 ΣΙΛΛΝΟΣ
857 2375 985 2440 pro
1001 2358 1411 2420 ΣΙΛΗΝΟΣ
1443 2354 1689 2416 dicitur
1713 2372 1859 2416 ma-

336 2445 647 2535 gistratus
692 2448 766 2514 in
801 2450 1133 2515 drachma
1184 2448 1619 2535 Dyrrhachii
1666 2447 1858 2512 urbis

331 2544 658 2618 Doricae.

1088 2642 1122 2678 ff

621 2741 1115 2808 ANTONIVS.
1198 2736 1539 2808 AVGVR.
1658 2737 1852 2804 COS.

622 2839 820 2904 DES.
855 2839 1095 2917 ITER.
1134 2839 1281 2903 ET.
1317 2837 1530 2911 TER,
1581 2839 1649 2901 in
1668 2836 1856 2903 aliis.-

625 2936 971 3001 ANTON.
1014 2933 1224 3001 AVG.
1274 2933 1469 3008 IMP,
1496 2934 1617 2998 111.
1653 2931 1846 2999 COS.

625 3031 824 3095 DES.
848 3032 974 3105 ΙΙΙ.
1009 3032 1290 3096 IIIVlR.
1315 3031 1395 3096 R.
1419 3033 1500 3100 P.
1517 3029 1596 3096 C.
1653 3030 1855 3117 Caput

622 3131 723 3194 M.
758 3129 1029 3194 Antonii
1074 3128 1355 3194 nudum.-

182 3292 195 3300 ,
330 3214 431 3290 Μ.
468 3223 872 3290 SILANVS.
923 3224 1133 3292 AVG.
1180 3225 1267 3309 Q.
1303 3224 1683 3290 PROCOS.
1719 3226 1852 3310 fine

324 3332 494 3407 typo.
591 3323 742 3387 AR.
781 3320 858 3386 C.

428 3417 530 3478 M.
570 3416 839 3479 Silanus
870 3419 1166 3502 primum
1217 3417 1268 3479 Ι.
1309 3414 1614 3479 Caesaris
1663 3416 1848 3502 lega·

328 3514 439 3573 tus
488 3511 559 3574 in
602 3508 874 3590 Gallia,
924 3511 1070 3600 post
1129 3513 1324 3592 hujus
1387 3512 1674 3575 caedem
1744 3513 1847 3577 M.

328 3606 601 3693 Lepido
641 3605 996 3686 adhaesit,
1049 3608 1165 3693 qui
1259 3610 1404 3690 ejus
1471 3608 1847 3693 praecipue
1956 3632 1971 3647 *

330 3723 547 3789 opera
582 3701 731 3768 usus
769 3701 869 3766 -est
928 3706 1003 3768 in
1044 3702 1480 3769 sustentandis
1514 3705 1610 3768 ad
1642 3704 1847 3767 Muti·

325 3821 489 3865 nam
523 3802 626 3866 M.
663 3801 946 3866 Antonii
993 3801 1235 3881 rebus,
1288 3798 1443 3866 c‘um
1477 3802 1553 3865 -id
1612 3800 1848 3889 palam

326 3918 467 3962 non
499 3898 754 3984 pollet,
807 3900 993 3983 quod
1053 3900 1111 3962 is
1154 3897 1222 3963 S.
1287 3895 1364 3963 C.
1415 3895 1621 3962 hostis
1692 3897 1850 3961 ess'et

319 3994 688 4078 judicatus.
757 3999 816 4074 ⁸)
931 3993 1271 4060 Potest'ate
1338 3993 1614 4057 subinde
1675 3994 1851 4058 inter

324 4092 699 4155 Antonium
740 4103 809 4155 et
842 4090 1302 4157 Octavianum
1357 4089 1572 4154 divisa
1631 4088 1848 4155 Anto·

326 4187 445 4250 nio
492 4187 617 4251 sese
663 4188 1009 4273 adjunxit,
1056 4188 1173 4252 sed
1232 4186 1651 4274 Cleopatrae
1686 4206 1849 4251 con-

328 4283 643 4348 tumelias
662 4285 1004 4370 pertaesus
1026 4286 1117 4350 ad
1145 4285 1605 4350 Octavianum
1633 4296 1850 4348 trans-

327 4381 450 4459 iit,
504 4381 741 4465 paullo
791 4394 949 4447 ante
999 4402 1206 4467 quam
1245 4379 1654 4468 postremum
1678 4400 1852 4447 -cum

403 4686 459 4745 a)
501 4686 634 4741 Dio.
667 4687 735 4742 L.
772 4689 983 4744 XLVI.
1020 4690 1053 4760 ς
1085 4700 1174 4759 38.
1206 4710 1299 4764 51·

1310 1388 1723 1456 Vaillantius
1794 1397 1863 1448 et

1950 1113 2224 1180 gurem,
2275 1092 2347 1155 hi
2385 1094 2646 1157 denarii
2686 1092 3028 1158 testantur.
3128 1095 3236 1158 De
3269 1096 3469 1162 titulo

1950 1191 2038 1275 Q.
2077 1190 2286 1258 PRO.
2317 1189 2506 1255 COS.
2543 1191 2703 1255 vide
2739 1189 2810 1254 in
2860 1189 3175 1266 Cocceia.

2043 1385 2220 1449 Em.
2261 1385 2671 1451 ΣΙΛΛΝΟΤ
2711 1384 2783 1448 in
2835 1383 3057 1449 numis
3111 1386 3462 1468 Antiochi·

1936 1503 2062 1560 ae,
2117 1479 2236 1545 sed
2279 1482 2395 1565 qui
2434 1478 2523 1544 est
2556 1479 2895 1546 Caecilius
2932 1481 3200 1546 Silanus
3245 1482 3464 1549 Creti-

1940 1597 2084 1644 cus.
2182 1578 2361 1644 Vide
2402 1598 2646 1644 numos
2701 1578 3112 1645 Antiochiae
3147 1579 3411 1665 Syriae.

2681 1673 2715 1709 ff

2499 1724 2533 1761 ἡ
2643 1736 2648 1742 ·
2857 1726 2892 1761 t

1937 1772 2125 1841 Libo.

2230 1869 2472 1936 LIBO.
2526 1869 2729 1958 Caput
2802 1866 3085 1936 PaHadis
3170 1867 3460 1960 alatum,

2218 1969 2424 2053 Juxta
2472 1969 2556 2031 X.
2681 1977 2687 1981 “

1941 2061 2023 2129 C.
2062 2065 2283 2135 IVNI
2326 2062 2404 2129 C.
2462 2064 2540 2127 F.
2591 2062 2884 2153 Dioscuri
2937 2068 3202 2154 equites,
3247 2066 3456 2132 inimo

2040 2260 2215 2325 Cum
2249 2258 2470 2325 nullus
2505 2270 2814 2323 veterum
2852 2260 3276 2348 cognominis
3336 2258 3457 2326 hu·

1934 2355 2043 2436 jus
2081 2357 2316 2422 Iuniae
2348 2355 2530 2440 genti
2559 2357 2824 2442 proprii
2855 2359 3256 2436 meminerit,
3311 2349 3457 2445 opi-

1942 2464 2145 2516 natur
2170 2454 2692 2535 Havercampus
2712 2496 2734 2529 ‚
2783 2451 3048 2517 Libone
3068 2501 3089 2531 ,
3142 2466 3209 2517 et
3243 2453 3323 2527 C.
3350 2454 3455 2518 lu·

1940 2550 2057 2612 nio
2093 2550 2350 2614 IIviros
2388 2546 2764 2611 monetales
2796 2548 3104 2635 intelligi.
3199 2552 3294 2613 At
3323 2549 3456 2613 hoc

1938 2658 2275 2737 repugnat
2307 2644 2443 2731 legi
2484 2663 2528 2706 a
2564 2641 2762 2707 nobis
2817 2643 2888 2707 in
2941 2646 3453 2733 Prolegomenis

1936 2744 2164 2823 latae,
2214 2741 2579 2807 secundum
2623 2761 2830 2824 quam
2865 2762 2937 2807 το
2967 2741 3185 2807 LIBO
3232 2745 3326 2810 ad
3372 2741 3452 2808 C.

1937 2840 2207 2905 Iunium
2259 2838 2708 2903 referendum.
2846 2839 2984 2903 Nifi
3040 2859 3203 2924 ergo
3261 2840 3459 2905 Iunia

1933 2957 2180 3003 revera
2208 2936 2508 3010 Libones
2562 2933 2754 3018 tulit,
2835 2937 3029 3018 quod
3080 2936 3455 3001 dissimula·

1934 3046 2078 3098 tum
2117 3033 2500 3115 veteribus,
2552 3030 2740 3096 credi
2802 3033 3059 3119 poterit
3114 3045 3453 3119 permuta-

1931 3143 2075 3195 tam
2112 3127 2463 3194 matricem
2494 3147 2592 3192 ex
2625 3139 2823 3212 gente
2858 3129 3155 3209 Marcia,
3195 3150 3292 3195 »ex
3311 3150 3457 3214 qua

1928 3227 2123 3293 fuer-e
2163 3227 2460 3292 Libones
2490 3273 2509 3304 ‚
2549 3235 2632 3288 et
2679 3225 2857 3290 inter
2916 3229 3100 3311 cujus
3134 3226 3455 3291 denarios

1928 3325 2265 3390 habemus
2327 3323 2580 3389 obvios
2623 3338 2778 3384 cum
2817 3324 3069 3388 eadem
3102 3324 3358 3391 antica.

2690 3416 2722 3449 ff

2508 3467 2542 3502 ὓ
2862 3467 2900 3501 4

1929 3515 2109 3580 Iunii
2139 3516 2377 3581 incerti.

2135 3681 2146 3689 ἡ
2225 3613 2426 3697 Caput
2449 3604 2731 3674 Palladis
2773 3605 3013 3674 alatum
3032 3657 3054 3694 ,
3097 3627 3262 3695 pone
3285 3609 3459 3698 quod

2221 3708 2276 3769 X
2305 3724 2546 3792 ‚pone
2566 3716 2751 3790 caput
2795 3706 2966 3793 asini.

1894 3803 2032 3879 M.
2085 3803 2302 3870 IVNI.
2356 3802 2651 3882 Dioscuri
2678 3806 2912 3890 equites
2929 3850 2953 3883 ‚
2983 3806 3070 3868 ‚in
3111 3804 3236 3870 imo
3284 3803 3451 3871 ΒΟ-
3507 3778 3516 3783 ’

1928 3901 2122 3964 MA.
2198 3902 2345 3964 AR.
2385 3898 2461 3964 C.

2228 3998 2431 4082 Caput
2475 3994 2757 4064 panadis
2816 3996 3056 4064 alatum
3079 4045 3100 4077 ‚
3169 4015 3330 4082 pone
3365 3997 3452 4063 X.

1932 4092 2009 4159 C.
2049 4093 2265 4159 IVNI.
2300 4093 2377 4157 C.
2414 4094 2492 4157 F.
2544 4094 2837 4183 Dioscuri
2902 4097 3169 4183 equites,
3219 4098 3290 4159 in
3327 4095 3453 4160 ime

1930 4190 2224 4255 ROMA.
2324 4191 2473 4255 AR.
2528 4189 2604 4255 C.
3204 4240 3224 4253 .

2023 4286 2111 4354 .c.
2151 4287 2470 4351 1vN1.in
2514 4287 2671 4352 atre.
2771 4236 2856 4351 a„

1490 4691 1551 4760 b)
1588 4644 1728 4749 Ριζιι.
1764 4695 1824 4747 in
1859 4694 1993 4748 Ant.
2029 4710 2086 4767 p.
2121 4703 2242 4764 943.
