<?xml version="1.0" encoding="UTF-8"?>
<!DOCTYPE html PUBLIC "-//W3C//DTD XHTML 1.0 Transitional//EN"
    "http://www.w3.org/TR/xhtml1/DTD/xhtml1-transitional.dtd">
<html xmlns="http://www.w3.org/1999/xhtml" xml:lang="en" lang="en">
 <head>
  <title>
</title>
<meta http-equiv="Content-Type" content="text/html;charset=utf-8" />
  <meta name='ocr-system' content='tesseract 3.04.00' />
  <meta name='ocr-capabilities' content='ocr_page ocr_carea ocr_par ocr_line ocrx_word'/>
</head>
<body>
  <div class='ocr_page' id='page_1' title='image "./doctrinanumorum06unkngoog_0220.png"; bbox 0 0 4175 5450; ppageno 0'>
   <div class='ocr_carea' id='block_1_1' title="bbox 1739 633 2166 736">
    <p class='ocr_par' dir='ltr' id='par_1_1' title="bbox 1739 633 2166 736">
     <span class='ocr_line' id='line_1_1' title="bbox 1739 633 2166 736; baseline -0.009 -2"><span class='ocrx_word' id='word_1_1' title='bbox 1739 633 2166 736; x_wconf 78' lang='lat' dir='ltr'><strong>FABIA.</strong></span> 
     </span>
    </p>
   </div>
   <div class='ocr_carea' id='block_1_2' title="bbox 385 859 1918 952">
    <p class='ocr_par' dir='ltr' id='par_1_2' title="bbox 385 859 1918 952">
     <span class='ocr_line' id='line_1_2' title="bbox 385 859 1918 952; baseline -0.005 -21"><span class='ocrx_word' id='word_1_2' title='bbox 385 862 476 931; x_wconf 82' lang='lat' dir='ltr'>est</span> <span class='ocrx_word' id='word_1_3' title='bbox 517 864 584 929; x_wconf 89' lang='lat' dir='ltr'>in</span> <span class='ocrx_word' id='word_1_4' title='bbox 634 876 833 952; x_wconf 87' lang='lat' dir='ltr'>gente</span> <span class='ocrx_word' id='word_1_5' title='bbox 878 861 1234 947; x_wconf 78' lang='lat' dir='ltr'>Memmia.</span> <span class='ocrx_word' id='word_1_6' title='bbox 1339 859 1615 945; x_wconf 81' lang='lat' dir='ltr'><strong>Quare,</strong></span> <span class='ocrx_word' id='word_1_7' title='bbox 1688 872 1762 924; x_wconf 82' lang='lat' dir='ltr'>ut</span> <span class='ocrx_word' id='word_1_8' title='bbox 1815 878 1918 925; x_wconf 86' lang='lat' dir='ltr'>re·</span> 
     </span>
    </p>
   </div>
   <div class='ocr_carea' id='block_1_3' title="bbox 3367 683 3510 751">
    <p class='ocr_par' dir='ltr' id='par_1_3' title="bbox 3367 683 3510 751">
     <span class='ocr_line' id='line_1_3' title="bbox 3367 683 3510 751; baseline 0 -9"><span class='ocrx_word' id='word_1_9' title='bbox 3367 683 3510 751; x_wconf 69' lang='lat'>20,</span> 
     </span>
    </p>
   </div>
   <div class='ocr_carea' id='block_1_4' title="bbox 2519 847 2972 953">
    <p class='ocr_par' dir='ltr' id='par_1_4' title="bbox 2519 847 2972 953">
     <span class='ocr_line' id='line_1_4' title="bbox 2519 847 2782 908; baseline 0 -18"><span class='ocrx_word' id='word_1_10' title='bbox 2519 897 2528 908; x_wconf 90' lang='lat'><strong>.</strong></span> <span class='ocrx_word' id='word_1_11' title='bbox 2742 847 2782 890; x_wconf 71' lang='lat'>³}</span> 
     </span>
     <span class='ocr_line' id='line_1_5' title="bbox 2551 910 2972 953; baseline 0.005 -2"><span class='ocrx_word' id='word_1_12' title='bbox 2551 910 2594 951; x_wconf 58' lang='lat'>{⁵</span> <span class='ocrx_word' id='word_1_13' title='bbox 2929 912 2972 953; x_wconf 58' lang='lat'>{⁵</span> 
     </span>
    </p>
   </div>
   <div class='ocr_carea' id='block_1_5' title="bbox 384 953 2514 1044">
    <p class='ocr_par' dir='ltr' id='par_1_5' title="bbox 384 953 2514 1044">
     <span class='ocr_line' id='line_1_6' title="bbox 384 953 2514 1044; baseline -0.004 -16"><span class='ocrx_word' id='word_1_14' title='bbox 384 975 489 1028; x_wconf 84' lang='lat' dir='ltr'>cte</span> <span class='ocrx_word' id='word_1_15' title='bbox 530 960 849 1030; x_wconf 83' lang='lat' dir='ltr'>observat</span> <span class='ocrx_word' id='word_1_16' title='bbox 882 964 1428 1044; x_wconf 85' lang='lat' dir='ltr'>Havercampus,</span> <span class='ocrx_word' id='word_1_17' title='bbox 1480 960 1749 1023; x_wconf 89' lang='lat' dir='ltr'>Romae</span> <span class='ocrx_word' id='word_1_18' title='bbox 1788 975 1913 1044; x_wconf 90' lang='lat' dir='ltr'>po·</span> <span class='ocrx_word' id='word_1_19' title='bbox 1993 953 2186 1025; x_wconf 72' lang='lat' dir='ltr'>Fabii</span> <span class='ocrx_word' id='word_1_20' title='bbox 2229 956 2472 1022; x_wconf 74' lang='lat' dir='ltr'>incerti.</span> <span class='ocrx_word' id='word_1_21' title='bbox 2509 997 2514 1002; x_wconf 94' lang='lat'><em>-</em></span> 
     </span>
    </p>
   </div>
   <div class='ocr_carea' id='block_1_6' title="bbox 382 1051 1912 1242">
    <p class='ocr_par' dir='ltr' id='par_1_6' title="bbox 382 1051 1912 1242">
     <span class='ocr_line' id='line_1_7' title="bbox 382 1051 1912 1141; baseline -0.003 -19"><span class='ocrx_word' id='word_1_22' title='bbox 382 1060 520 1123; x_wconf 85' lang='lat' dir='ltr'>tius</span> <span class='ocrx_word' id='word_1_23' title='bbox 554 1059 978 1125; x_wconf 81' lang='lat' dir='ltr'>simulacrum</span> <span class='ocrx_word' id='word_1_24' title='bbox 1015 1055 1126 1134; x_wconf 84' lang='lat' dir='ltr'>est,</span> <span class='ocrx_word' id='word_1_25' title='bbox 1180 1068 1247 1120; x_wconf 92' lang='lat' dir='ltr'>et</span> <span class='ocrx_word' id='word_1_26' title='bbox 1270 1057 1666 1141; x_wconf 85' lang='lat' dir='ltr'>legendum:</span> <span class='ocrx_word' id='word_1_27' title='bbox 1723 1051 1912 1136; x_wconf 82' lang='lat' dir='ltr'>QVI-</span> 
     </span>
     <span class='ocr_line' id='line_1_8' title="bbox 384 1151 1911 1242; baseline -0.004 -23"><span class='ocrx_word' id='word_1_28' title='bbox 384 1156 712 1234; x_wconf 71' lang='lat' dir='ltr'>RlNatis,</span> <span class='ocrx_word' id='word_1_29' title='bbox 763 1175 1007 1242; x_wconf 86' lang='lat' dir='ltr'>nempe</span> <span class='ocrx_word' id='word_1_30' title='bbox 1047 1151 1340 1230; x_wconf 74' lang='lat' dir='ltr'>Flamen,</span> <span class='ocrx_word' id='word_1_31' title='bbox 1413 1166 1489 1216; x_wconf 91' lang='lat' dir='ltr'>ut</span> <span class='ocrx_word' id='word_1_32' title='bbox 1541 1153 1612 1217; x_wconf 92' lang='lat' dir='ltr'>in</span> <span class='ocrx_word' id='word_1_33' title='bbox 1684 1151 1911 1215; x_wconf 80' lang='lat' dir='ltr'>numis</span> 
     </span>
    </p>
   </div>
   <div class='ocr_carea' id='block_1_7' title="bbox 2080 1049 3520 1236">
    <p class='ocr_par' dir='ltr' id='par_1_7' title="bbox 2080 1049 3520 1236">
     <span class='ocr_line' id='line_1_9' title="bbox 2080 1049 3520 1137; baseline 0.025 -38"><span class='ocrx_word' id='word_1_34' title='bbox 2080 1085 2084 1089; x_wconf 20' lang='grc' dir='ltr'><strong>Α</strong></span> <span class='ocrx_word' id='word_1_35' title='bbox 2221 1091 2226 1095; x_wconf 92' lang='grc'><em>.</em></span> <span class='ocrx_word' id='word_1_36' title='bbox 2291 1053 2492 1137; x_wconf 75' lang='lat' dir='ltr'>Caput</span> <span class='ocrx_word' id='word_1_37' title='bbox 2520 1049 2812 1117; x_wconf 81' lang='lat' dir='ltr'><em>muliebre</em></span> <span class='ocrx_word' id='word_1_38' title='bbox 2856 1052 3142 1134; x_wconf 65' lang='lat' dir='ltr'>uelatum·</span> <span class='ocrx_word' id='word_1_39' title='bbox 3164 1060 3473 1126; x_wconf 72' lang='lat' dir='ltr'>turritum</span> <span class='ocrx_word' id='word_1_40' title='bbox 3499 1106 3520 1136; x_wconf 66' lang='lat'><em>2</em></span> 
     </span>
     <span class='ocr_line' id='line_1_10' title="bbox 2275 1148 2935 1236; baseline 0.012 -32"><span class='ocrx_word' id='word_1_41' title='bbox 2275 1168 2437 1236; x_wconf 73' lang='lat' dir='ltr'>pone</span> <span class='ocrx_word' id='word_1_42' title='bbox 2476 1148 2616 1212; x_wconf 82' lang='lat' dir='ltr'>EX.</span> <span class='ocrx_word' id='word_1_43' title='bbox 2676 1153 2760 1213; x_wconf 83' lang='lat' dir='ltr'>A.</span> <span class='ocrx_word' id='word_1_44' title='bbox 2795 1149 2935 1212; x_wconf 60' lang='grc' dir='ltr'>ΡΥ.</span> 
     </span>
    </p>
   </div>
   <div class='ocr_carea' id='block_1_8' title="bbox 384 1242 3524 1337">
    <p class='ocr_par' dir='ltr' id='par_1_8' title="bbox 384 1242 3524 1337">
     <span class='ocr_line' id='line_1_11' title="bbox 384 1242 3524 1337; baseline 0 -23"><span class='ocrx_word' id='word_1_45' title='bbox 384 1253 602 1337; x_wconf 84' lang='lat' dir='ltr'>gentis</span> <span class='ocrx_word' id='word_1_46' title='bbox 656 1253 1021 1319; x_wconf 79' lang='lat' dir='ltr'>Corneliae</span> <span class='ocrx_word' id='word_1_47' title='bbox 1069 1250 1343 1337; x_wconf 73' lang='lat' dir='ltr'>plenius</span> <span class='ocrx_word' id='word_1_48' title='bbox 1402 1249 1746 1314; x_wconf 75' lang='lat' dir='ltr'>scribiturt</span> <span class='ocrx_word' id='word_1_49' title='bbox 1829 1247 1909 1310; x_wconf 93' lang='lat' dir='ltr'>L.</span> <span class='ocrx_word' id='word_1_50' title='bbox 1991 1244 2067 1313; x_wconf 87' lang='lat' dir='ltr'>C.</span> <span class='ocrx_word' id='word_1_51' title='bbox 2110 1246 2347 1310; x_wconf 84' lang='lat' dir='ltr'><strong>FABI.</strong></span> <span class='ocrx_word' id='word_1_52' title='bbox 2390 1242 2465 1309; x_wconf 91' lang='lat' dir='ltr'>C.</span> <span class='ocrx_word' id='word_1_53' title='bbox 2503 1244 2580 1310; x_wconf 98' lang='lat' dir='ltr'>F.</span> <span class='ocrx_word' id='word_1_54' title='bbox 2613 1244 2934 1322; x_wconf 69' lang='lat' dir='ltr'>,Victoria</span> <span class='ocrx_word' id='word_1_55' title='bbox 2972 1248 3039 1309; x_wconf 74' lang='lat' dir='ltr'>in</span> <span class='ocrx_word' id='word_1_56' title='bbox 3088 1250 3230 1313; x_wconf 75' lang='lat' dir='ltr'>citis</span> <span class='ocrx_word' id='word_1_57' title='bbox 3284 1247 3456 1334; x_wconf 77' lang='lat' dir='ltr'>bigis</span> <span class='ocrx_word' id='word_1_58' title='bbox 3503 1299 3524 1329; x_wconf 86' lang='lat'>,</span> 
     </span>
    </p>
   </div>
   <div class='ocr_carea' id='block_1_9' title="bbox 384 1329 3682 1430">
    <p class='ocr_par' dir='ltr' id='par_1_9' title="bbox 384 1329 3682 1430">
     <span class='ocr_line' id='line_1_12' title="bbox 384 1329 3682 1430; baseline -0.001 -18"><span class='ocrx_word' id='word_1_59' title='bbox 384 1347 893 1416; x_wconf 76' lang='lat' dir='ltr'>LENTVLVS.</span> <span class='ocrx_word' id='word_1_60' title='bbox 919 1347 1329 1412; x_wconf 78' lang='lat' dir='ltr'><strong>FLAMEN.</strong></span> <span class='ocrx_word' id='word_1_61' title='bbox 1372 1343 1911 1410; x_wconf 81' lang='lat' dir='ltr'><strong>MARTIALIS.</strong></span> <span class='ocrx_word' id='word_1_62' title='bbox 1985 1344 2171 1430; x_wconf 77' lang='lat' dir='ltr'>infra</span> <span class='ocrx_word' id='word_1_63' title='bbox 2204 1345 2386 1420; x_wconf 66' lang='lat' dir='ltr'>avis,</span> <span class='ocrx_word' id='word_1_64' title='bbox 2427 1345 2789 1410; x_wconf 46' lang='lat' dir='ltr'>naariam</span> <span class='ocrx_word' id='word_1_65' title='bbox 2822 1345 3008 1409; x_wconf 70' lang='lat' dir='ltr'>utera</span> <span class='ocrx_word' id='word_1_66' title='bbox 3049 1342 3365 1430; x_wconf 70' lang='lat' dir='ltr'>alphabeti</span> <span class='ocrx_word' id='word_1_67' title='bbox 3398 1348 3524 1418; x_wconf 77' lang='lat' dir='ltr'>La-</span> <span class='ocrx_word' id='word_1_68' title='bbox 3635 1329 3682 1378; x_wconf 55' lang='lat' dir='ltr'><em>f</em></span> 
     </span>
    </p>
   </div>
   <div class='ocr_carea' id='block_1_10' title="bbox 378 1436 2481 1530">
    <p class='ocr_par' dir='ltr' id='par_1_10' title="bbox 378 1436 2481 1530">
     <span class='ocr_line' id='line_1_13' title="bbox 378 1436 2481 1530; baseline -0.003 -22"><span class='ocrx_word' id='word_1_69' title='bbox 378 1444 800 1527; x_wconf 83' lang='lat' dir='ltr'>Fabiorum,</span> <span class='ocrx_word' id='word_1_70' title='bbox 852 1447 968 1530; x_wconf 90' lang='lat' dir='ltr'>qui</span> <span class='ocrx_word' id='word_1_71' title='bbox 1000 1442 1310 1508; x_wconf 82' lang='lat' dir='ltr'>flamines</span> <span class='ocrx_word' id='word_1_72' title='bbox 1349 1441 1736 1526; x_wconf 77' lang='lat' dir='ltr'><strong>Quirinales</strong></span> <span class='ocrx_word' id='word_1_73' title='bbox 1760 1439 1913 1507; x_wconf 84' lang='lat' dir='ltr'>fue·</span> <span class='ocrx_word' id='word_1_74' title='bbox 1990 1443 2132 1509; x_wconf 76' lang='lat' dir='ltr'>tini.</span> <span class='ocrx_word' id='word_1_75' title='bbox 2231 1440 2381 1504; x_wconf 84' lang='lat' dir='ltr'>AR.</span> <span class='ocrx_word' id='word_1_76' title='bbox 2404 1436 2481 1502; x_wconf 88' lang='lat' dir='ltr'>C.</span> 
     </span>
    </p>
   </div>
   <div class='ocr_carea' id='block_1_11' title="bbox 382 1539 1926 3450">
    <p class='ocr_par' dir='ltr' id='par_1_11' title="bbox 382 1539 1916 1917">
     <span class='ocr_line' id='line_1_14' title="bbox 382 1539 1916 1628; baseline -0.003 -23"><span class='ocrx_word' id='word_1_77' title='bbox 382 1560 461 1605; x_wconf 84' lang='lat' dir='ltr'>re</span> <span class='ocrx_word' id='word_1_78' title='bbox 495 1588 514 1619; x_wconf 97' lang='lat'>,</span> <span class='ocrx_word' id='word_1_79' title='bbox 566 1541 888 1628; x_wconf 79' lang='lat' dir='ltr'>frequens</span> <span class='ocrx_word' id='word_1_80' title='bbox 922 1541 1177 1606; x_wconf 89' lang='lat' dir='ltr'>mentio</span> <span class='ocrx_word' id='word_1_81' title='bbox 1217 1539 1405 1628; x_wconf 87' lang='lat' dir='ltr'>apud</span> <span class='ocrx_word' id='word_1_82' title='bbox 1439 1541 1718 1605; x_wconf 81' lang='lat' dir='ltr'>Livium</span> <span class='ocrx_word' id='word_1_83' title='bbox 1740 1586 1760 1620; x_wconf 94' lang='lat'>,</span> <span class='ocrx_word' id='word_1_84' title='bbox 1845 1548 1916 1602; x_wconf 87' lang='lat' dir='ltr'>et</span> 
     </span>
     <span class='ocr_line' id='line_1_15' title="bbox 385 1636 1912 1721; baseline -0.001 -20"><span class='ocrx_word' id='word_1_85' title='bbox 385 1638 543 1703; x_wconf 81' lang='lat' dir='ltr'>val.</span> <span class='ocrx_word' id='word_1_86' title='bbox 584 1641 993 1706; x_wconf 85' lang='lat' dir='ltr'>Maximum.</span> <span class='ocrx_word' id='word_1_87' title='bbox 1091 1638 1361 1701; x_wconf 84' lang='lat' dir='ltr'>Tamen</span> <span class='ocrx_word' id='word_1_88' title='bbox 1390 1638 1482 1701; x_wconf 89' lang='lat' dir='ltr'>ad</span> <span class='ocrx_word' id='word_1_89' title='bbox 1526 1656 1729 1721; x_wconf 89' lang='lat' dir='ltr'>quem</span> <span class='ocrx_word' id='word_1_90' title='bbox 1782 1636 1912 1699; x_wconf 88' lang='lat' dir='ltr'>Fa·</span> 
     </span>
     <span class='ocr_line' id='line_1_16' title="bbox 383 1730 1915 1820; baseline 0.002 -25"><span class='ocrx_word' id='word_1_91' title='bbox 383 1730 578 1799; x_wconf 79' lang='lat' dir='ltr'>bium</span> <span class='ocrx_word' id='word_1_92' title='bbox 614 1737 957 1802; x_wconf 88' lang='lat' dir='ltr'>Pictorem</span> <span class='ocrx_word' id='word_1_93' title='bbox 1009 1733 1274 1798; x_wconf 87' lang='lat' dir='ltr'>denarii</span> <span class='ocrx_word' id='word_1_94' title='bbox 1329 1732 1401 1799; x_wconf 81' lang='lat' dir='ltr'>hi</span> <span class='ocrx_word' id='word_1_95' title='bbox 1480 1735 1866 1820; x_wconf 86' lang='lat' dir='ltr'>pertineant</span> <span class='ocrx_word' id='word_1_96' title='bbox 1893 1780 1915 1812; x_wconf 89' lang='lat'>,</span> 
     </span>
     <span class='ocr_line' id='line_1_17' title="bbox 385 1830 1335 1917; baseline 0.006 -26"><span class='ocrx_word' id='word_1_97' title='bbox 385 1834 568 1894; x_wconf 85' lang='lat' dir='ltr'>ratio</span> <span class='ocrx_word' id='word_1_98' title='bbox 605 1852 739 1895; x_wconf 92' lang='lat' dir='ltr'>non</span> <span class='ocrx_word' id='word_1_99' title='bbox 788 1833 945 1896; x_wconf 86' lang='lat' dir='ltr'>satis</span> <span class='ocrx_word' id='word_1_100' title='bbox 985 1830 1335 1917; x_wconf 83' lang='lat' dir='ltr'>expedita.</span> 
     </span>
    </p>

    <p class='ocr_par' dir='ltr' id='par_1_12' title="bbox 383 1925 1926 3450">
     <span class='ocr_line' id='line_1_18' title="bbox 485 1925 1919 2008; baseline -0.001 -18"><span class='ocrx_word' id='word_1_101' title='bbox 485 1927 836 1991; x_wconf 85' lang='lat' dir='ltr'>Nonnulla</span> <span class='ocrx_word' id='word_1_102' title='bbox 869 1929 1077 1990; x_wconf 90' lang='lat' dir='ltr'>etiam</span> <span class='ocrx_word' id='word_1_103' title='bbox 1111 1926 1203 1989; x_wconf 89' lang='lat' dir='ltr'>ad</span> <span class='ocrx_word' id='word_1_104' title='bbox 1233 1926 1429 2008; x_wconf 81' lang='lat' dir='ltr'>hujus</span> <span class='ocrx_word' id='word_1_105' title='bbox 1469 1925 1671 1990; x_wconf 88' lang='lat' dir='ltr'>Fabii</span> <span class='ocrx_word' id='word_1_106' title='bbox 1705 1926 1919 1989; x_wconf 89' lang='lat' dir='ltr'>nomi-</span> 
     </span>
     <span class='ocr_line' id='line_1_19' title="bbox 383 2022 1920 2109; baseline -0.001 -21"><span class='ocrx_word' id='word_1_107' title='bbox 383 2043 476 2088; x_wconf 84' lang='lat' dir='ltr'>na</span> <span class='ocrx_word' id='word_1_108' title='bbox 500 2024 1134 2089; x_wconf 82' lang='lat' dir='ltr'>animadvertenda.</span> <span class='ocrx_word' id='word_1_109' title='bbox 1235 2022 1628 2087; x_wconf 81' lang='lat' dir='ltr'>Praefixum</span> <span class='ocrx_word' id='word_1_110' title='bbox 1646 2023 1706 2085; x_wconf 88' lang='lat' dir='ltr'>N</span> <span class='ocrx_word' id='word_1_111' title='bbox 1726 2043 1920 2109; x_wconf 86' lang='lat' dir='ltr'>prae-</span> 
     </span>
     <span class='ocr_line' id='line_1_20' title="bbox 389 2119 1918 2205; baseline 0.001 -23"><span class='ocrx_word' id='word_1_112' title='bbox 389 2137 641 2183; x_wconf 80' lang='lat' dir='ltr'>nomen</span> <span class='ocrx_word' id='word_1_113' title='bbox 677 2133 908 2203; x_wconf 85' lang='lat' dir='ltr'>notat,</span> <span class='ocrx_word' id='word_1_114' title='bbox 958 2135 1203 2205; x_wconf 82' lang='lat' dir='ltr'>nempe</span> <span class='ocrx_word' id='word_1_115' title='bbox 1242 2119 1606 2197; x_wconf 75' lang='lat' dir='ltr'>Numerius,</span> <span class='ocrx_word' id='word_1_116' title='bbox 1659 2119 1744 2182; x_wconf 92' lang='lat' dir='ltr'>de</span> <span class='ocrx_word' id='word_1_117' title='bbox 1782 2138 1918 2202; x_wconf 90' lang='lat' dir='ltr'>quo</span> 
     </span>
     <span class='ocr_line' id='line_1_21' title="bbox 390 2213 1924 2300; baseline 0.001 -22"><span class='ocrx_word' id='word_1_118' title='bbox 390 2213 477 2278; x_wconf 80' lang='lat' dir='ltr'>fic</span> <span class='ocrx_word' id='word_1_119' title='bbox 515 2229 757 2280; x_wconf 86' lang='lat' dir='ltr'>auctor</span> <span class='ocrx_word' id='word_1_120' title='bbox 800 2218 1096 2300; x_wconf 74' lang='lat' dir='ltr'>incertus</span> <span class='ocrx_word' id='word_1_121' title='bbox 1151 2216 1236 2278; x_wconf 86' lang='lat' dir='ltr'>de</span> <span class='ocrx_word' id='word_1_122' title='bbox 1281 2214 1727 2279; x_wconf 69' lang='lat' dir='ltr'>Nominibusz</span> <span class='ocrx_word' id='word_1_123' title='bbox 1783 2216 1924 2280; x_wconf 82' lang='lat' dir='ltr'>Nu-</span> 
     </span>
     <span class='ocr_line' id='line_1_22' title="bbox 386 2307 1926 2398; baseline -0.003 -21"><span class='ocrx_word' id='word_1_124' title='bbox 386 2313 567 2381; x_wconf 67' lang='lat' dir='ltr'>mer-ii</span> <span class='ocrx_word' id='word_1_125' title='bbox 623 2307 1142 2397; x_wconf 82' lang='lat' dir='ltr'>(praenomine)</span> <span class='ocrx_word' id='word_1_126' title='bbox 1177 2310 1322 2398; x_wconf 78' lang='lat' dir='ltr'>sola</span> <span class='ocrx_word' id='word_1_127' title='bbox 1344 2313 1625 2395; x_wconf 65' lang='lat' dir='ltr'>patricia</span> <span class='ocrx_word' id='word_1_128' title='bbox 1661 2309 1926 2395; x_wconf 76' lang='lat' dir='ltr'>familia</span> 
     </span>
     <span class='ocr_line' id='line_1_23' title="bbox 387 2406 1923 2497; baseline -0.003 -25"><span class='ocrx_word' id='word_1_129' title='bbox 387 2408 498 2497; x_wconf 71' lang='lat' dir='ltr'>usa</span> <span class='ocrx_word' id='word_1_130' title='bbox 529 2408 605 2495; x_wconf 68' lang='lat' dir='ltr'><em>ss</em></span> <span class='ocrx_word' id='word_1_131' title='bbox 655 2408 904 2486; x_wconf 78' lang='lat' dir='ltr'>Fabia,</span> <span class='ocrx_word' id='word_1_132' title='bbox 958 2410 1146 2489; x_wconf 82' lang='lat' dir='ltr'>cujus</span> <span class='ocrx_word' id='word_1_133' title='bbox 1192 2407 1389 2488; x_wconf 80' lang='lat' dir='ltr'>inditi</span> <span class='ocrx_word' id='word_1_134' title='bbox 1447 2406 1720 2468; x_wconf 89' lang='lat' dir='ltr'>causam</span> <span class='ocrx_word' id='word_1_135' title='bbox 1758 2423 1923 2468; x_wconf 82' lang='lat' dir='ltr'>mox</span> 
     </span>
     <span class='ocr_line' id='line_1_24' title="bbox 389 2502 1919 2588; baseline -0.005 -19"><span class='ocrx_word' id='word_1_136' title='bbox 389 2503 675 2587; x_wconf 85' lang='lat' dir='ltr'>subjicit.</span> <span class='ocrx_word' id='word_1_137' title='bbox 778 2507 1068 2588; x_wconf 81' lang='lat' dir='ltr'>At—qua</span> <span class='ocrx_word' id='word_1_138' title='bbox 1122 2502 1388 2566; x_wconf 85' lang='lat' dir='ltr'>ratione</span> <span class='ocrx_word' id='word_1_139' title='bbox 1435 2502 1919 2587; x_wconf 85' lang='lat' dir='ltr'>explicandum</span> 
     </span>
     <span class='ocr_line' id='line_1_25' title="bbox 390 2597 1921 2684; baseline -0.003 -20"><span class='ocrx_word' id='word_1_140' title='bbox 390 2600 468 2666; x_wconf 82' lang='lat' dir='ltr'>lit</span> <span class='ocrx_word' id='word_1_141' title='bbox 504 2600 792 2666; x_wconf 86' lang='lat' dir='ltr'>alterum</span> <span class='ocrx_word' id='word_1_142' title='bbox 828 2601 935 2678; x_wconf 87' lang='lat' dir='ltr'>N,</span> <span class='ocrx_word' id='word_1_143' title='bbox 985 2600 1172 2684; x_wconf 90' lang='lat' dir='ltr'>quod</span> <span class='ocrx_word' id='word_1_144' title='bbox 1208 2617 1459 2661; x_wconf 88' lang='lat' dir='ltr'>nomen</span> <span class='ocrx_word' id='word_1_145' title='bbox 1497 2597 1553 2662; x_wconf 86' lang='lat' dir='ltr'><strong>F</strong></span> <span class='ocrx_word' id='word_1_146' title='bbox 1555 2598 1734 2661; x_wconf 85' lang='lat' dir='ltr'><strong>ABI.</strong></span> <span class='ocrx_word' id='word_1_147' title='bbox 1763 2616 1921 2660; x_wconf 84' lang='lat' dir='ltr'>con-</span> 
     </span>
     <span class='ocr_line' id='line_1_26' title="bbox 390 2694 1916 2783; baseline -0.003 -20"><span class='ocrx_word' id='word_1_148' title='bbox 390 2697 729 2783; x_wconf 78' lang='lat' dir='ltr'>sequitur,</span> <span class='ocrx_word' id='word_1_149' title='bbox 781 2717 919 2762; x_wconf 91' lang='lat' dir='ltr'>non</span> <span class='ocrx_word' id='word_1_150' title='bbox 949 2696 1110 2762; x_wconf 77' lang='lat' dir='ltr'>satis</span> <span class='ocrx_word' id='word_1_151' title='bbox 1150 2694 1504 2780; x_wconf 88' lang='lat' dir='ltr'>adsequor.</span> <span class='ocrx_word' id='word_1_152' title='bbox 1606 2694 1916 2759; x_wconf 84' lang='lat' dir='ltr'>Elemen-</span> 
     </span>
     <span class='ocr_line' id='line_1_27' title="bbox 389 2792 1920 2881; baseline -0.002 -22"><span class='ocrx_word' id='word_1_153' title='bbox 389 2807 537 2859; x_wconf 86' lang='lat' dir='ltr'>tum</span> <span class='ocrx_word' id='word_1_154' title='bbox 575 2795 743 2859; x_wconf 88' lang='lat' dir='ltr'>illud</span> <span class='ocrx_word' id='word_1_155' title='bbox 784 2793 963 2881; x_wconf 87' lang='lat' dir='ltr'>fugit</span> <span class='ocrx_word' id='word_1_156' title='bbox 992 2792 1343 2869; x_wconf 85' lang='lat' dir='ltr'>Vrfinum,</span> <span class='ocrx_word' id='word_1_157' title='bbox 1395 2804 1465 2855; x_wconf 87' lang='lat' dir='ltr'>et</span> <span class='ocrx_word' id='word_1_158' title='bbox 1520 2793 1710 2877; x_wconf 90' lang='lat' dir='ltr'>quod</span> <span class='ocrx_word' id='word_1_159' title='bbox 1778 2812 1920 2856; x_wconf 88' lang='lat' dir='ltr'>ma·</span> 
     </span>
     <span class='ocr_line' id='line_1_28' title="bbox 396 2888 1922 2978; baseline -0.002 -24"><span class='ocrx_word' id='word_1_160' title='bbox 396 2894 499 2978; x_wconf 80' lang='lat' dir='ltr'>gis</span> <span class='ocrx_word' id='word_1_161' title='bbox 540 2892 827 2970; x_wconf 84' lang='lat' dir='ltr'>mirum,</span> <span class='ocrx_word' id='word_1_162' title='bbox 880 2890 1470 2955; x_wconf 82' lang='lat' dir='ltr'>adcuratirsimum</span> <span class='ocrx_word' id='word_1_163' title='bbox 1500 2888 1922 2958; x_wconf 84' lang='lat' dir='ltr'>Morellium.</span> 
     </span>
     <span class='ocr_line' id='line_1_29' title="bbox 398 2983 1918 3072; baseline -0.003 -19"><span class='ocrx_word' id='word_1_164' title='bbox 398 2986 774 3072; x_wconf 72' lang='lat' dir='ltr'>Compar-et</span> <span class='ocrx_word' id='word_1_165' title='bbox 805 3001 1037 3055; x_wconf 86' lang='lat' dir='ltr'>tamen</span> <span class='ocrx_word' id='word_1_166' title='bbox 1074 2988 1144 3051; x_wconf 91' lang='lat' dir='ltr'>in</span> <span class='ocrx_word' id='word_1_167' title='bbox 1175 2985 1354 3050; x_wconf 86' lang='lat' dir='ltr'>binis</span> <span class='ocrx_word' id='word_1_168' title='bbox 1405 2984 1609 3050; x_wconf 86' lang='lat' dir='ltr'>musei</span> <span class='ocrx_word' id='word_1_169' title='bbox 1674 2983 1918 3049; x_wconf 87' lang='lat' dir='ltr'>Caesa-</span> 
     </span>
     <span class='ocr_line' id='line_1_30' title="bbox 393 3081 1915 3168; baseline 0 -19"><span class='ocrx_word' id='word_1_170' title='bbox 393 3085 532 3162; x_wconf 84' lang='lat' dir='ltr'>rei,</span> <span class='ocrx_word' id='word_1_171' title='bbox 587 3085 749 3147; x_wconf 91' lang='lat' dir='ltr'>etin</span> <span class='ocrx_word' id='word_1_172' title='bbox 780 3086 1117 3148; x_wconf 84' lang='lat' dir='ltr'>iconismo</span> <span class='ocrx_word' id='word_1_173' title='bbox 1162 3082 1560 3163; x_wconf 86' lang='lat' dir='ltr'>Vaillantii‚</span> <span class='ocrx_word' id='word_1_174' title='bbox 1626 3081 1735 3146; x_wconf 91' lang='lat' dir='ltr'>sed</span> <span class='ocrx_word' id='word_1_175' title='bbox 1799 3088 1915 3168; x_wconf 91' lang='lat' dir='ltr'>qui</span> 
     </span>
     <span class='ocr_line' id='line_1_31' title="bbox 390 3176 1917 3267; baseline -0.003 -22"><span class='ocrx_word' id='word_1_176' title='bbox 390 3180 575 3245; x_wconf 80' lang='lat' dir='ltr'>illius</span> <span class='ocrx_word' id='word_1_177' title='bbox 620 3179 1172 3267; x_wconf 79' lang='lat' dir='ltr'>significationem</span> <span class='ocrx_word' id='word_1_178' title='bbox 1215 3180 1284 3247; x_wconf 89' lang='lat' dir='ltr'>in</span> <span class='ocrx_word' id='word_1_179' title='bbox 1318 3176 1917 3244; x_wconf 83' lang='lat' dir='ltr'>animadveriioni-</span> 
     </span>
     <span class='ocr_line' id='line_1_32' title="bbox 393 3273 1915 3362; baseline -0.003 -20"><span class='ocrx_word' id='word_1_180' title='bbox 393 3276 525 3342; x_wconf 87' lang='lat' dir='ltr'>bus</span> <span class='ocrx_word' id='word_1_181' title='bbox 561 3277 693 3341; x_wconf 87' lang='lat' dir='ltr'>suis</span> <span class='ocrx_word' id='word_1_182' title='bbox 737 3279 1154 3362; x_wconf 84' lang='lat' dir='ltr'>praeterivit.</span> <span class='ocrx_word' id='word_1_183' title='bbox 1279 3278 1388 3340; x_wconf 84' lang='lat' dir='ltr'>An</span> <span class='ocrx_word' id='word_1_184' title='bbox 1436 3273 1615 3339; x_wconf 88' lang='lat' dir='ltr'>forte</span> <span class='ocrx_word' id='word_1_185' title='bbox 1652 3275 1915 3338; x_wconf 81' lang='lat' dir='ltr'>‘subau-</span> 
     </span>
     <span class='ocr_line' id='line_1_33' title="bbox 395 3369 1917 3450; baseline -0.001 -13"><span class='ocrx_word' id='word_1_186' title='bbox 395 3374 721 3437; x_wconf 87' lang='lat' dir='ltr'>diendum</span> <span class='ocrx_word' id='word_1_187' title='bbox 756 3373 836 3435; x_wconf 90' lang='lat' dir='ltr'>F.</span> <span class='ocrx_word' id='word_1_188' title='bbox 865 3421 884 3450; x_wconf 90' lang='lat'>,</span> <span class='ocrx_word' id='word_1_189' title='bbox 938 3373 1022 3437; x_wconf 83' lang='lat' dir='ltr'>fic</span> <span class='ocrx_word' id='word_1_190' title='bbox 1054 3385 1131 3435; x_wconf 90' lang='lat' dir='ltr'>ut</span> <span class='ocrx_word' id='word_1_191' title='bbox 1181 3370 1298 3435; x_wconf 81' lang='lat' dir='ltr'>fit:</span> <span class='ocrx_word' id='word_1_192' title='bbox 1353 3371 1638 3436; x_wconf 68' lang='lat' dir='ltr'>Numer-ii</span> <span class='ocrx_word' id='word_1_193' title='bbox 1679 3369 1856 3434; x_wconf 82' lang='lat' dir='ltr'>filius</span> <span class='ocrx_word' id='word_1_194' title='bbox 1885 3375 1917 3436; x_wconf 68' lang='lat'><em>2</em></span> 
     </span>
    </p>
   </div>
   <div class='ocr_carea' id='block_1_12' title="bbox 277 3456 1915 3551">
    <p class='ocr_par' dir='ltr' id='par_1_13' title="bbox 277 3456 1915 3551">
     <span class='ocr_line' id='line_1_34' title="bbox 277 3456 1915 3551; baseline -0.002 -21"><span class='ocrx_word' id='word_1_195' title='bbox 277 3482 291 3499; x_wconf 90' lang='lat'><strong>·</strong></span> <span class='ocrx_word' id='word_1_196' title='bbox 377 3456 801 3551; x_wconf 59' lang='lat' dir='ltr'>‘Cognomen</span> <span class='ocrx_word' id='word_1_197' title='bbox 850 3470 1067 3533; x_wconf 77' lang='lat' dir='ltr'>Pictor</span> <span class='ocrx_word' id='word_1_198' title='bbox 1105 3479 1401 3530; x_wconf 86' lang='lat' dir='ltr'>tractum</span> <span class='ocrx_word' id='word_1_199' title='bbox 1450 3485 1495 3527; x_wconf 86' lang='lat' dir='ltr'>a</span> <span class='ocrx_word' id='word_1_200' title='bbox 1540 3464 1620 3529; x_wconf 91' lang='lat' dir='ltr'>C.</span> <span class='ocrx_word' id='word_1_201' title='bbox 1651 3464 1915 3543; x_wconf 85' lang='lat' dir='ltr'>Fabio,</span> 
     </span>
    </p>
   </div>
   <div class='ocr_carea' id='block_1_13' title="bbox 394 3558 1921 4305">
    <p class='ocr_par' dir='ltr' id='par_1_14' title="bbox 394 3558 1921 4305">
     <span class='ocr_line' id='line_1_35' title="bbox 401 3558 1915 3647; baseline -0.002 -23"><span class='ocrx_word' id='word_1_202' title='bbox 401 3565 520 3647; x_wconf 87' lang='lat' dir='ltr'>qui</span> <span class='ocrx_word' id='word_1_203' title='bbox 560 3563 802 3625; x_wconf 87' lang='lat' dir='ltr'>aedem</span> <span class='ocrx_word' id='word_1_204' title='bbox 834 3562 1087 3626; x_wconf 81' lang='lat' dir='ltr'>Salutis</span> <span class='ocrx_word' id='word_1_205' title='bbox 1122 3564 1353 3647; x_wconf 80' lang='lat' dir='ltr'>pinxit</span> <span class='ocrx_word' id='word_1_206' title='bbox 1409 3562 1491 3625; x_wconf 86' lang='lat' dir='ltr'>V.</span> <span class='ocrx_word' id='word_1_207' title='bbox 1571 3558 1648 3631; x_wconf 87' lang='lat' dir='ltr'>C.</span> <span class='ocrx_word' id='word_1_208' title='bbox 1733 3570 1915 3642; x_wconf 79' lang='lat'>450,</span> 
     </span>
     <span class='ocr_line' id='line_1_36' title="bbox 399 3653 1919 3745; baseline -0.002 -25"><span class='ocrx_word' id='word_1_209' title='bbox 399 3678 581 3745; x_wconf 86' lang='lat' dir='ltr'>quae</span> <span class='ocrx_word' id='word_1_210' title='bbox 622 3659 891 3743; x_wconf 81' lang='lat' dir='ltr'>pictura</span> <span class='ocrx_word' id='word_1_211' title='bbox 940 3659 1216 3723; x_wconf 83' lang='lat' dir='ltr'>duravit</span> <span class='ocrx_word' id='word_1_212' title='bbox 1299 3660 1367 3723; x_wconf 91' lang='lat' dir='ltr'>in</span> <span class='ocrx_word' id='word_1_213' title='bbox 1435 3656 1581 3741; x_wconf 88' lang='lat' dir='ltr'>ipsa</span> <span class='ocrx_word' id='word_1_214' title='bbox 1645 3653 1919 3720; x_wconf 82' lang='lat' dir='ltr'>Claudii</span> 
     </span>
     <span class='ocr_line' id='line_1_37' title="bbox 394 3750 1915 3840; baseline -0.005 -18"><span class='ocrx_word' id='word_1_215' title='bbox 394 3770 752 3840; x_wconf 86' lang='lat' dir='ltr'>tempora,</span> <span class='ocrx_word' id='word_1_216' title='bbox 804 3773 939 3837; x_wconf 91' lang='lat' dir='ltr'>quo</span> <span class='ocrx_word' id='word_1_217' title='bbox 978 3756 1353 3840; x_wconf 80' lang='lat' dir='ltr'>imperante</span> <span class='ocrx_word' id='word_1_218' title='bbox 1405 3752 1646 3819; x_wconf 86' lang='lat' dir='ltr'>fanum</span> <span class='ocrx_word' id='word_1_219' title='bbox 1716 3750 1915 3831; x_wconf 81' lang='lat' dir='ltr'>arsit,</span> 
     </span>
     <span class='ocr_line' id='line_1_38' title="bbox 399 3849 1917 3937; baseline -0.003 -18"><span class='ocrx_word' id='word_1_220' title='bbox 399 3865 475 3920; x_wconf 90' lang='lat' dir='ltr'>ut</span> <span class='ocrx_word' id='word_1_221' title='bbox 512 3849 787 3918; x_wconf 79' lang='lat' dir='ltr'>testatur</span> <span class='ocrx_word' id='word_1_222' title='bbox 846 3852 1148 3930; x_wconf 86' lang='lat' dir='ltr'>Plinius,</span> <span class='ocrx_word' id='word_1_223' title='bbox 1201 3853 1265 3935; x_wconf 81' lang='lat'>⁸)</span> <span class='ocrx_word' id='word_1_224' title='bbox 1318 3854 1433 3937; x_wconf 90' lang='lat' dir='ltr'>qui</span> <span class='ocrx_word' id='word_1_225' title='bbox 1516 3850 1685 3917; x_wconf 86' lang='lat' dir='ltr'>istud</span> <span class='ocrx_word' id='word_1_226' title='bbox 1750 3850 1917 3915; x_wconf 79' lang='lat' dir='ltr'>artis</span> 
     </span>
     <span class='ocr_line' id='line_1_39' title="bbox 397 3945 1916 4038; baseline -0.003 -22"><span class='ocrx_word' id='word_1_227' title='bbox 397 3949 942 4038; x_wconf 83' lang='lat' dir='ltr'>experimentum</span> <span class='ocrx_word' id='word_1_228' title='bbox 1018 3948 1281 4013; x_wconf 83' lang='lat' dir='ltr'>Fabiae</span> <span class='ocrx_word' id='word_1_229' title='bbox 1345 3950 1523 4035; x_wconf 82' lang='lat' dir='ltr'>genti</span> <span class='ocrx_word' id='word_1_230' title='bbox 1595 3945 1916 4012; x_wconf 83' lang='lat' dir='ltr'>honorifi-</span> 
     </span>
     <span class='ocr_line' id='line_1_40' title="bbox 402 4044 1919 4132; baseline -0.003 -20"><span class='ocrx_word' id='word_1_231' title='bbox 402 4066 557 4112; x_wconf 83' lang='lat' dir='ltr'>cum</span> <span class='ocrx_word' id='word_1_232' title='bbox 588 4045 845 4125; x_wconf 89' lang='lat' dir='ltr'>censet,</span> <span class='ocrx_word' id='word_1_233' title='bbox 898 4046 1097 4132; x_wconf 85' lang='lat' dir='ltr'>longe</span> <span class='ocrx_word' id='word_1_234' title='bbox 1148 4045 1507 4110; x_wconf 77' lang='lat' dir='ltr'>dissidente</span> <span class='ocrx_word' id='word_1_235' title='bbox 1552 4046 1708 4111; x_wconf 90' lang='lat' dir='ltr'>Val.</span> <span class='ocrx_word' id='word_1_236' title='bbox 1771 4044 1919 4108; x_wconf 89' lang='lat' dir='ltr'>Ma-</span> 
     </span>
     <span class='ocr_line' id='line_1_41' title="bbox 397 4140 1920 4226; baseline -0.005 -15"><span class='ocrx_word' id='word_1_237' title='bbox 397 4145 641 4220; x_wconf 79' lang='lat' dir='ltr'>ximo,</span> <span class='ocrx_word' id='word_1_238' title='bbox 688 4145 806 4226; x_wconf 85' lang='lat' dir='ltr'>qui</span> <span class='ocrx_word' id='word_1_239' title='bbox 842 4144 1024 4207; x_wconf 90' lang='lat' dir='ltr'>idem</span> <span class='ocrx_word' id='word_1_240' title='bbox 1065 4140 1325 4207; x_wconf 86' lang='lat' dir='ltr'>factum</span> <span class='ocrx_word' id='word_1_241' title='bbox 1381 4162 1664 4206; x_wconf 80' lang='lat' dir='ltr'>narrans</span> <span class='ocrx_word' id='word_1_242' title='bbox 1718 4142 1920 4205; x_wconf 87' lang='lat' dir='ltr'>sordi-</span> 
     </span>
     <span class='ocr_line' id='line_1_42' title="bbox 402 4236 1921 4305; baseline -0.001 -3"><span class='ocrx_word' id='word_1_243' title='bbox 402 4239 563 4302; x_wconf 80' lang='lat' dir='ltr'>dum</span> <span class='ocrx_word' id='word_1_244' title='bbox 606 4236 772 4302; x_wconf 81' lang='lat' dir='ltr'>istud</span> <span class='ocrx_word' id='word_1_245' title='bbox 832 4238 1113 4305; x_wconf 81' lang='lat' dir='ltr'>studium</span> <span class='ocrx_word' id='word_1_246' title='bbox 1158 4242 1229 4305; x_wconf 88' lang='lat' dir='ltr'>in</span> <span class='ocrx_word' id='word_1_247' title='bbox 1286 4240 1437 4304; x_wconf 84' lang='lat' dir='ltr'>cive</span> <span class='ocrx_word' id='word_1_248' title='bbox 1498 4237 1921 4304; x_wconf 77' lang='lat' dir='ltr'>nobilissimo</span> 
     </span>
    </p>
   </div>
   <div class='ocr_carea' id='block_1_14' title="bbox 1998 1533 3535 4330">
    <p class='ocr_par' dir='ltr' id='par_1_15' title="bbox 1998 1533 3530 2013">
     <span class='ocr_line' id='line_1_43' title="bbox 2289 1533 3527 1625; baseline 0.002 -21"><span class='ocrx_word' id='word_1_249' title='bbox 2289 1535 2495 1621; x_wconf 73' lang='lat' dir='ltr'>Caput</span> <span class='ocrx_word' id='word_1_250' title='bbox 2525 1533 2819 1602; x_wconf 73' lang='lat' dir='ltr'>muliebre</span> <span class='ocrx_word' id='word_1_251' title='bbox 2853 1533 3166 1614; x_wconf 53' lang='lat' dir='ltr'>velatum}</span> <span class='ocrx_word' id='word_1_252' title='bbox 3207 1558 3368 1625; x_wconf 78' lang='lat' dir='ltr'>pone</span> <span class='ocrx_word' id='word_1_253' title='bbox 3408 1559 3527 1606; x_wconf 82' lang='lat' dir='ltr'>va-</span> 
     </span>
     <span class='ocr_line' id='line_1_44' title="bbox 2286 1631 3530 1721; baseline 0.003 -23"><span class='ocrx_word' id='word_1_254' title='bbox 2286 1634 2471 1698; x_wconf 72' lang='lat' dir='ltr'>rians</span> <span class='ocrx_word' id='word_1_255' title='bbox 2513 1631 2698 1699; x_wconf 77' lang='lat' dir='ltr'>litera</span> <span class='ocrx_word' id='word_1_256' title='bbox 2734 1632 3050 1721; x_wconf 71' lang='lat' dir='ltr'>alphabeti</span> <span class='ocrx_word' id='word_1_257' title='bbox 3065 1635 3215 1721; x_wconf 78' lang='lat' dir='ltr'>jam</span> <span class='ocrx_word' id='word_1_258' title='bbox 3265 1637 3486 1710; x_wconf 68' lang='lat' dir='ltr'>Latini</span> <span class='ocrx_word' id='word_1_259' title='bbox 3505 1683 3530 1717; x_wconf 88' lang='lat'>,</span> 
     </span>
     <span class='ocr_line' id='line_1_45' title="bbox 2276 1729 3286 1815; baseline 0.004 -20"><span class='ocrx_word' id='word_1_260' title='bbox 2276 1731 2423 1815; x_wconf 75' lang='lat' dir='ltr'>jam</span> <span class='ocrx_word' id='word_1_261' title='bbox 2472 1731 2716 1798; x_wconf 77' lang='lat' dir='ltr'>Graeci.</span> <span class='ocrx_word' id='word_1_262' title='bbox 3280 1729 3286 1734; x_wconf 65' lang='grc'><strong><em>’</em></strong></span> 
     </span>
     <span class='ocr_line' id='line_1_46' title="bbox 2001 1825 3525 1916; baseline 0.001 -23"><span class='ocrx_word' id='word_1_263' title='bbox 2001 1826 2081 1895; x_wconf 89' lang='lat' dir='ltr'>C.</span> <span class='ocrx_word' id='word_1_264' title='bbox 2112 1827 2349 1892; x_wconf 85' lang='lat' dir='ltr'><strong>FABI.</strong></span> <span class='ocrx_word' id='word_1_265' title='bbox 2391 1826 2471 1893; x_wconf 89' lang='lat' dir='ltr'>C.</span> <span class='ocrx_word' id='word_1_266' title='bbox 2521 1827 2601 1891; x_wconf 87' lang='lat' dir='ltr'>F.</span> <span class='ocrx_word' id='word_1_267' title='bbox 2663 1827 2957 1895; x_wconf 74' lang='lat' dir='ltr'>Victoria</span> <span class='ocrx_word' id='word_1_268' title='bbox 2999 1829 3067 1904; x_wconf 69' lang='grc' dir='ltr'>ἐκ</span> <span class='ocrx_word' id='word_1_269' title='bbox 3118 1829 3262 1893; x_wconf 71' lang='lat' dir='ltr'>citis</span> <span class='ocrx_word' id='word_1_270' title='bbox 3314 1825 3525 1916; x_wconf 55' lang='lat' dir='ltr'>bigae,</span> 
     </span>
     <span class='ocr_line' id='line_1_47' title="bbox 1998 1922 2969 2013; baseline -0.006 -21"><span class='ocrx_word' id='word_1_271' title='bbox 1998 1925 2180 2013; x_wconf 73' lang='lat' dir='ltr'>infla</span> <span class='ocrx_word' id='word_1_272' title='bbox 2213 1924 2341 1990; x_wconf 72' lang='lat' dir='ltr'>ales</span> <span class='ocrx_word' id='word_1_273' title='bbox 2362 1924 2607 2013; x_wconf 73' lang='lat' dir='ltr'>fimiiis.</span> <span class='ocrx_word' id='word_1_274' title='bbox 2651 1927 2656 1934; x_wconf 90' lang='lat'>&#39;</span> <span class='ocrx_word' id='word_1_275' title='bbox 2703 1926 2854 1993; x_wconf 83' lang='lat' dir='ltr'>AR.</span> <span class='ocrx_word' id='word_1_276' title='bbox 2892 1922 2969 1987; x_wconf 91' lang='lat' dir='ltr'>C.</span> 
     </span>
    </p>

    <p class='ocr_par' dir='ltr' id='par_1_16' title="bbox 1998 2020 3535 4330">
     <span class='ocr_line' id='line_1_48' title="bbox 2099 2020 3527 2104; baseline 0.001 -19"><span class='ocrx_word' id='word_1_277' title='bbox 2099 2022 2388 2085; x_wconf 87' lang='lat' dir='ltr'>Denarii</span> <span class='ocrx_word' id='word_1_278' title='bbox 2425 2022 2495 2085; x_wconf 87' lang='lat' dir='ltr'>hi</span> <span class='ocrx_word' id='word_1_279' title='bbox 2539 2020 3083 2104; x_wconf 84' lang='lat' dir='ltr'>antiquariorum</span> <span class='ocrx_word' id='word_1_280' title='bbox 3117 2021 3353 2085; x_wconf 78' lang='lat' dir='ltr'>misere</span> <span class='ocrx_word' id='word_1_281' title='bbox 3392 2032 3527 2086; x_wconf 84' lang='lat' dir='ltr'>tor·</span> 
     </span>
     <span class='ocr_line' id='line_1_49' title="bbox 2006 2115 3531 2203; baseline 0 -22"><span class='ocrx_word' id='word_1_282' title='bbox 2006 2118 2228 2182; x_wconf 87' lang='lat' dir='ltr'>serunt</span> <span class='ocrx_word' id='word_1_283' title='bbox 2265 2118 2558 2203; x_wconf 82' lang='lat' dir='ltr'>ingenia.</span> <span class='ocrx_word' id='word_1_284' title='bbox 2659 2115 2931 2180; x_wconf 76' lang='lat' dir='ltr'>Vrsinus</span> <span class='ocrx_word' id='word_1_285' title='bbox 2976 2137 3095 2184; x_wconf 72' lang='lat' dir='ltr'>eos</span> <span class='ocrx_word' id='word_1_286' title='bbox 3161 2117 3240 2182; x_wconf 90' lang='lat' dir='ltr'>C.</span> <span class='ocrx_word' id='word_1_287' title='bbox 3302 2116 3531 2196; x_wconf 76' lang='lat' dir='ltr'>Fabio</span> 
     </span>
     <span class='ocr_line' id='line_1_50' title="bbox 2000 2210 3528 2299; baseline 0.002 -21"><span class='ocrx_word' id='word_1_288' title='bbox 2000 2214 2262 2278; x_wconf 86' lang='lat' dir='ltr'>Pictori</span> <span class='ocrx_word' id='word_1_289' title='bbox 2296 2213 2548 2279; x_wconf 88' lang='lat' dir='ltr'>consuli</span> <span class='ocrx_word' id='word_1_290' title='bbox 2579 2215 2662 2282; x_wconf 88' lang='lat' dir='ltr'>V.</span> <span class='ocrx_word' id='word_1_291' title='bbox 2703 2210 2777 2277; x_wconf 88' lang='lat' dir='ltr'>C.</span> <span class='ocrx_word' id='word_1_292' title='bbox 2811 2224 2961 2292; x_wconf 82' lang='grc'>484</span> <span class='ocrx_word' id='word_1_293' title='bbox 2983 2215 3355 2293; x_wconf 79' lang='lat' dir='ltr'>dedicavit,</span> <span class='ocrx_word' id='word_1_294' title='bbox 3389 2234 3528 2299; x_wconf 84' lang='lat' dir='ltr'>quo</span> 
     </span>
     <span class='ocr_line' id='line_1_51' title="bbox 2004 2308 3532 2397; baseline 0.004 -23"><span class='ocrx_word' id='word_1_295' title='bbox 2004 2329 2186 2374; x_wconf 88' lang='lat' dir='ltr'>anno</span> <span class='ocrx_word' id='word_1_296' title='bbox 2230 2312 2527 2394; x_wconf 87' lang='lat' dir='ltr'>primum</span> <span class='ocrx_word' id='word_1_297' title='bbox 2573 2308 2831 2396; x_wconf 82' lang='lat' dir='ltr'>[ignata</span> <span class='ocrx_word' id='word_1_298' title='bbox 2868 2325 3147 2377; x_wconf 86' lang='lat' dir='ltr'>moneta</span> <span class='ocrx_word' id='word_1_299' title='bbox 3204 2325 3532 2397; x_wconf 78' lang='lat' dir='ltr'>argentea</span> 
     </span>
     <span class='ocr_line' id='line_1_52' title="bbox 2002 2403 3530 2492; baseline 0.005 -26"><span class='ocrx_word' id='word_1_300' title='bbox 2002 2403 2163 2468; x_wconf 78' lang='lat' dir='ltr'>teste</span> <span class='ocrx_word' id='word_1_301' title='bbox 2197 2406 2460 2484; x_wconf 83' lang='lat' dir='ltr'>Plinio,</span> <span class='ocrx_word' id='word_1_302' title='bbox 2527 2425 2706 2489; x_wconf 85' lang='lat' dir='ltr'>quae</span> <span class='ocrx_word' id='word_1_303' title='bbox 2792 2405 3117 2476; x_wconf 88' lang='lat' dir='ltr'>sententia</span> <span class='ocrx_word' id='word_1_304' title='bbox 3183 2411 3305 2473; x_wconf 76' lang='lat' dir='ltr'>vix.</span> <span class='ocrx_word' id='word_1_305' title='bbox 3385 2414 3530 2492; x_wconf 83' lang='lat' dir='ltr'>jam</span> 
     </span>
     <span class='ocr_line' id='line_1_53' title="bbox 1998 2500 3527 2570; baseline 0.003 -5"><span class='ocrx_word' id='word_1_306' title='bbox 1998 2500 2294 2565; x_wconf 69' lang='lat' dir='ltr'>cordato</span> <span class='ocrx_word' id='word_1_307' title='bbox 2325 2501 2533 2565; x_wconf 85' lang='lat' dir='ltr'>alicui</span> <span class='ocrx_word' id='word_1_308' title='bbox 2548 2502 2884 2566; x_wconf 85' lang='lat' dir='ltr'>adrideat.</span> <span class='ocrx_word' id='word_1_309' title='bbox 2936 2503 3348 2570; x_wconf 77' lang='lat' dir='ltr'>vainantius</span> <span class='ocrx_word' id='word_1_310' title='bbox 3372 2525 3527 2569; x_wconf 83' lang='lat' dir='ltr'>cum</span> 
     </span>
     <span class='ocr_line' id='line_1_54' title="bbox 2003 2596 3530 2684; baseline 0.007 -25"><span class='ocrx_word' id='word_1_311' title='bbox 2003 2596 2262 2684; x_wconf 83' lang='lat' dir='ltr'>legeret</span> <span class='ocrx_word' id='word_1_312' title='bbox 2291 2597 2359 2661; x_wconf 89' lang='lat' dir='ltr'>in</span> <span class='ocrx_word' id='word_1_313' title='bbox 2399 2597 2559 2667; x_wconf 86' lang='lat' dir='ltr'>Val.</span> <span class='ocrx_word' id='word_1_314' title='bbox 2599 2599 2960 2678; x_wconf 83' lang='lat' dir='ltr'>Maximo,</span> <span class='ocrx_word' id='word_1_315' title='bbox 3035 2597 3110 2664; x_wconf 88' lang='lat' dir='ltr'>C.</span> <span class='ocrx_word' id='word_1_316' title='bbox 3181 2602 3530 2670; x_wconf 84' lang='lat' dir='ltr'>Pictorem</span> 
     </span>
     <span class='ocr_line' id='line_1_55' title="bbox 2003 2692 3530 2781; baseline 0.005 -24"><span class='ocrx_word' id='word_1_317' title='bbox 2003 2692 2306 2781; x_wconf 84' lang='lat' dir='ltr'>legatum</span> <span class='ocrx_word' id='word_1_318' title='bbox 2353 2694 2613 2760; x_wconf 74' lang='lat' dir='ltr'>miss&#39;um</span> <span class='ocrx_word' id='word_1_319' title='bbox 2650 2696 2742 2759; x_wconf 92' lang='lat' dir='ltr'>ad</span> <span class='ocrx_word' id='word_1_320' title='bbox 2781 2696 3253 2763; x_wconf 88' lang='lat' dir='ltr'>Ptolemaeum</span> <span class='ocrx_word' id='word_1_321' title='bbox 3301 2696 3530 2764; x_wconf 86' lang='lat' dir='ltr'>Phila·</span> 
     </span>
     <span class='ocr_line' id='line_1_56' title="bbox 2004 2790 3532 2882; baseline 0.003 -27"><span class='ocrx_word' id='word_1_322' title='bbox 2004 2792 2371 2877; x_wconf 87' lang='lat' dir='ltr'>delphum,</span> <span class='ocrx_word' id='word_1_323' title='bbox 2422 2790 2582 2856; x_wconf 85' lang='lat' dir='ltr'>huic</span> <span class='ocrx_word' id='word_1_324' title='bbox 2619 2793 2938 2859; x_wconf 75' lang='lat' dir='ltr'>denarios</span> <span class='ocrx_word' id='word_1_325' title='bbox 2993 2792 3122 2857; x_wconf 87' lang='lat' dir='ltr'>hos</span> <span class='ocrx_word' id='word_1_326' title='bbox 3200 2795 3532 2882; x_wconf 82' lang='lat' dir='ltr'>largitur,</span> 
     </span>
     <span class='ocr_line' id='line_1_57' title="bbox 2003 2889 3535 2977; baseline 0.001 -24"><span class='ocrx_word' id='word_1_327' title='bbox 2003 2901 2072 2953; x_wconf 87' lang='lat' dir='ltr'>et</span> <span class='ocrx_word' id='word_1_328' title='bbox 2104 2889 2238 2952; x_wconf 85' lang='lat' dir='ltr'>hoc</span> <span class='ocrx_word' id='word_1_329' title='bbox 2272 2889 2567 2974; x_wconf 82' lang='lat' dir='ltr'>percitus</span> <span class='ocrx_word' id='word_1_330' title='bbox 2602 2890 2943 2975; x_wconf 82' lang='lat' dir='ltr'>opinionis</span> <span class='ocrx_word' id='word_1_331' title='bbox 2979 2890 3137 2955; x_wconf 84' lang='lat' dir='ltr'>suae</span> <span class='ocrx_word' id='word_1_332' title='bbox 3156 2890 3535 2977; x_wconf 78' lang='lat' dir='ltr'>oestrojam</span> 
     </span>
     <span class='ocr_line' id='line_1_58' title="bbox 2003 2985 3533 3074; baseline 0.003 -25"><span class='ocrx_word' id='word_1_333' title='bbox 2003 2985 2238 3049; x_wconf 85' lang='lat' dir='ltr'>omnia</span> <span class='ocrx_word' id='word_1_334' title='bbox 2273 2986 2341 3047; x_wconf 90' lang='lat' dir='ltr'>in</span> <span class='ocrx_word' id='word_1_335' title='bbox 2387 2985 2520 3049; x_wconf 82' lang='lat' dir='ltr'>illis</span> <span class='ocrx_word' id='word_1_336' title='bbox 2550 2987 2983 3073; x_wconf 79' lang='lat' dir='ltr'>Aegyptiaca</span> <span class='ocrx_word' id='word_1_337' title='bbox 3029 2989 3244 3068; x_wconf 76' lang='lat' dir='ltr'>videt,</span> <span class='ocrx_word' id='word_1_338' title='bbox 3296 3001 3365 3051; x_wconf 87' lang='lat' dir='ltr'>et</span> <span class='ocrx_word' id='word_1_339' title='bbox 3386 2990 3533 3074; x_wconf 84' lang='lat' dir='ltr'>qni·</span> 
     </span>
     <span class='ocr_line' id='line_1_59' title="bbox 2005 3083 3531 3169; baseline 0.004 -25"><span class='ocrx_word' id='word_1_340' title='bbox 2005 3084 2161 3145; x_wconf 86' lang='lat' dir='ltr'>dem</span> <span class='ocrx_word' id='word_1_341' title='bbox 2206 3083 2275 3144; x_wconf 90' lang='lat' dir='ltr'>in</span> <span class='ocrx_word' id='word_1_342' title='bbox 2302 3094 2477 3167; x_wconf 84' lang='lat' dir='ltr'>typo</span> <span class='ocrx_word' id='word_1_343' title='bbox 2515 3085 2787 3147; x_wconf 85' lang='lat' dir='ltr'>anticae</span> <span class='ocrx_word' id='word_1_344' title='bbox 2853 3095 3062 3169; x_wconf 84' lang='lat' dir='ltr'>caput</span> <span class='ocrx_word' id='word_1_345' title='bbox 3108 3084 3531 3150; x_wconf 85' lang='lat' dir='ltr'>Alexandre-</span> 
     </span>
     <span class='ocr_line' id='line_1_60' title="bbox 2002 3178 3533 3255; baseline 0.004 -15"><span class='ocrx_word' id='word_1_346' title='bbox 2002 3198 2085 3242; x_wconf 89' lang='lat' dir='ltr'>ae</span> <span class='ocrx_word' id='word_1_347' title='bbox 2115 3225 2136 3255; x_wconf 92' lang='lat'>,</span> <span class='ocrx_word' id='word_1_348' title='bbox 2191 3178 2258 3239; x_wconf 90' lang='lat' dir='ltr'>in</span> <span class='ocrx_word' id='word_1_349' title='bbox 2293 3178 2532 3240; x_wconf 81' lang='lat' dir='ltr'>aversa</span> <span class='ocrx_word' id='word_1_350' title='bbox 2564 3191 2800 3242; x_wconf 89' lang='lat' dir='ltr'>notam</span> <span class='ocrx_word' id='word_1_351' title='bbox 2843 3182 3027 3243; x_wconf 85' lang='lat' dir='ltr'>avim</span> <span class='ocrx_word' id='word_1_352' title='bbox 3058 3180 3224 3245; x_wconf 89' lang='lat' dir='ltr'>ibin.</span> <span class='ocrx_word' id='word_1_353' title='bbox 3327 3182 3533 3245; x_wconf 88' lang='lat' dir='ltr'>Prae-</span> 
     </span>
     <span class='ocr_line' id='line_1_61' title="bbox 1999 3275 3531 3360; baseline 0.003 -23"><span class='ocrx_word' id='word_1_354' title='bbox 1999 3286 2314 3359; x_wconf 88' lang='lat' dir='ltr'>terquam</span> <span class='ocrx_word' id='word_1_355' title='bbox 2360 3275 2545 3356; x_wconf 91' lang='lat' dir='ltr'>quod</span> <span class='ocrx_word' id='word_1_356' title='bbox 2619 3296 2860 3359; x_wconf 85' lang='lat' dir='ltr'>parum</span> <span class='ocrx_word' id='word_1_357' title='bbox 2915 3275 3313 3360; x_wconf 86' lang='lat' dir='ltr'>probabilia</span> <span class='ocrx_word' id='word_1_358' title='bbox 3384 3277 3531 3341; x_wconf 88' lang='lat' dir='ltr'>sunt</span> 
     </span>
     <span class='ocr_line' id='line_1_62' title="bbox 1999 3369 3532 3446; baseline 0.003 -13"><span class='ocrx_word' id='word_1_359' title='bbox 1999 3369 2203 3446; x_wconf 88' lang='lat' dir='ltr'>haec,</span> <span class='ocrx_word' id='word_1_360' title='bbox 2254 3372 2556 3434; x_wconf 88' lang='lat' dir='ltr'>nituntur</span> <span class='ocrx_word' id='word_1_361' title='bbox 2588 3374 2793 3435; x_wconf 89' lang='lat' dir='ltr'>etiam</span> <span class='ocrx_word' id='word_1_362' title='bbox 2821 3372 2889 3434; x_wconf 91' lang='lat' dir='ltr'>in</span> <span class='ocrx_word' id='word_1_363' title='bbox 2921 3371 3163 3437; x_wconf 84' lang='lat' dir='ltr'>luxata</span> <span class='ocrx_word' id='word_1_364' title='bbox 3198 3374 3353 3438; x_wconf 85' lang='lat' dir='ltr'>Val.</span> <span class='ocrx_word' id='word_1_365' title='bbox 3380 3375 3532 3437; x_wconf 85' lang='lat' dir='ltr'>Ma·</span> 
     </span>
     <span class='ocr_line' id='line_1_63' title="bbox 1998 3465 3534 3554; baseline 0.004 -28"><span class='ocrx_word' id='word_1_366' title='bbox 1998 3467 2170 3527; x_wconf 86' lang='lat' dir='ltr'>ximi</span> <span class='ocrx_word' id='word_1_367' title='bbox 2201 3465 2537 3544; x_wconf 79' lang='lat' dir='ltr'>lectione3</span> <span class='ocrx_word' id='word_1_368' title='bbox 2588 3487 2747 3531; x_wconf 88' lang='lat' dir='ltr'>nam</span> <span class='ocrx_word' id='word_1_369' title='bbox 2801 3468 2962 3532; x_wconf 87' lang='lat' dir='ltr'>sana</span> <span class='ocrx_word' id='word_1_370' title='bbox 3022 3468 3225 3532; x_wconf 87' lang='lat' dir='ltr'>lectio</span> <span class='ocrx_word' id='word_1_371' title='bbox 3274 3489 3534 3554; x_wconf 88' lang='lat' dir='ltr'>nequa-</span> 
     </span>
     <span class='ocr_line' id='line_1_64' title="bbox 2003 3552 3531 3643; baseline 0.007 -21"><span class='ocrx_word' id='word_1_372' title='bbox 2003 3552 2209 3643; x_wconf 75' lang='lat' dir='ltr'>q&#39;uam</span> <span class='ocrx_word' id='word_1_373' title='bbox 2257 3561 2549 3643; x_wconf 88' lang='lat' dir='ltr'>Caium,</span> <span class='ocrx_word' id='word_1_374' title='bbox 2604 3565 2712 3628; x_wconf 89' lang='lat' dir='ltr'>sed</span> <span class='ocrx_word' id='word_1_375' title='bbox 2783 3564 2872 3633; x_wconf 89' lang='lat' dir='ltr'>N.</span> <span class='ocrx_word' id='word_1_376' title='bbox 2936 3564 3228 3629; x_wconf 85' lang='lat' dir='ltr'>Fabium</span> <span class='ocrx_word' id='word_1_377' title='bbox 3306 3566 3531 3632; x_wconf 87' lang='lat' dir='ltr'>Picto·</span> 
     </span>
     <span class='ocr_line' id='line_1_65' title="bbox 2002 3656 3531 3741; baseline 0.009 -24"><span class='ocrx_word' id='word_1_378' title='bbox 2002 3674 2147 3718; x_wconf 86' lang='lat' dir='ltr'>rem</span> <span class='ocrx_word' id='word_1_379' title='bbox 2199 3659 2267 3720; x_wconf 88' lang='lat' dir='ltr'>in</span> <span class='ocrx_word' id='word_1_380' title='bbox 2301 3659 2362 3722; x_wconf 91' lang='lat' dir='ltr'>le</span> <span class='ocrx_word' id='word_1_381' title='bbox 2414 3664 2543 3725; x_wconf 84' lang='lat' dir='ltr'>atis</span> <span class='ocrx_word' id='word_1_382' title='bbox 2585 3674 2922 3739; x_wconf 90' lang='lat' dir='ltr'>numerat,</span> <span class='ocrx_word' id='word_1_383' title='bbox 2978 3673 3051 3741; x_wconf 82' lang='lat' dir='ltr'>ut</span> <span class='ocrx_word' id='word_1_384' title='bbox 3098 3656 3347 3729; x_wconf 82' lang='lat' dir='ltr'>do&#39;cent</span> <span class='ocrx_word' id='word_1_385' title='bbox 3384 3660 3531 3730; x_wconf 80' lang='lat' dir='ltr'>Cri-</span> 
     </span>
     <span class='ocr_line' id='line_1_66' title="bbox 2002 3752 3533 3825; baseline 0.007 -11"><span class='ocrx_word' id='word_1_386' title='bbox 2002 3752 2292 3816; x_wconf 85' lang='lat' dir='ltr'>ticorum</span> <span class='ocrx_word' id='word_1_387' title='bbox 2433 3759 2615 3823; x_wconf 88' lang='lat' dir='ltr'>dicia</span> <span class='ocrx_word' id='word_1_388' title='bbox 2703 3761 2793 3823; x_wconf 90' lang='lat' dir='ltr'>ad</span> <span class='ocrx_word' id='word_1_389' title='bbox 2882 3760 3058 3823; x_wconf 85' lang='lat' dir='ltr'>hune</span> <span class='ocrx_word' id='word_1_390' title='bbox 3124 3759 3385 3823; x_wconf 87' lang='lat' dir='ltr'>Valerii</span> <span class='ocrx_word' id='word_1_391' title='bbox 3433 3760 3533 3825; x_wconf 89' lang='lat' dir='ltr'>lo-</span> 
     </span>
     <span class='ocr_line' id='line_1_67' title="bbox 2004 3855 3533 3943; baseline 0.007 -31"><span class='ocrx_word' id='word_1_392' title='bbox 2004 3868 2200 3926; x_wconf 87' lang='lat' dir='ltr'>cum,</span> <span class='ocrx_word' id='word_1_393' title='bbox 2252 3855 2304 3927; x_wconf 75' lang='lat'>⁰)</span> <span class='ocrx_word' id='word_1_394' title='bbox 2349 3856 2532 3934; x_wconf 83' lang='lat' dir='ltr'>quod</span> <span class='ocrx_word' id='word_1_395' title='bbox 2565 3858 2708 3936; x_wconf 88' lang='lat' dir='ltr'>jam</span> <span class='ocrx_word' id='word_1_396' title='bbox 2762 3857 2933 3920; x_wconf 88' lang='lat' dir='ltr'>vidit</span> <span class='ocrx_word' id='word_1_397' title='bbox 2985 3856 3533 3943; x_wconf 81' lang='lat' dir='ltr'>Havercampus.</span> 
     </span>
     <span class='ocr_line' id='line_1_68' title="bbox 2007 3944 3532 4038; baseline 0.009 -31"><span class='ocrx_word' id='word_1_398' title='bbox 2007 3944 2140 4008; x_wconf 90' lang='lat' dir='ltr'>Sed</span> <span class='ocrx_word' id='word_1_399' title='bbox 2178 3959 2245 4008; x_wconf 89' lang='lat' dir='ltr'>et</span> <span class='ocrx_word' id='word_1_400' title='bbox 2295 3947 2406 4009; x_wconf 84' lang='lat' dir='ltr'>hic</span> <span class='ocrx_word' id='word_1_401' title='bbox 2481 3949 2638 4013; x_wconf 82' lang='lat' dir='ltr'>suas</span> <span class='ocrx_word' id='word_1_402' title='bbox 2723 3954 3004 4038; x_wconf 87' lang='lat' dir='ltr'>expedit</span> <span class='ocrx_word' id='word_1_403' title='bbox 3102 3957 3532 4036; x_wconf 75' lang='lat' dir='ltr'>conjecturae</span> 
     </span>
     <span class='ocr_line' id='line_1_69' title="bbox 2012 4044 3532 4133; baseline 0.008 -28"><span class='ocrx_word' id='word_1_404' title='bbox 2012 4044 2158 4106; x_wconf 88' lang='lat' dir='ltr'>Iam</span> <span class='ocrx_word' id='word_1_405' title='bbox 2205 4044 2497 4130; x_wconf 88' lang='lat' dir='ltr'>primum</span> <span class='ocrx_word' id='word_1_406' title='bbox 2539 4046 2772 4109; x_wconf 78' lang='lat' dir='ltr'>a‘litem</span> <span class='ocrx_word' id='word_1_407' title='bbox 2815 4047 3359 4133; x_wconf 77' lang='lat' dir='ltr'>partis’aversae</span> <span class='ocrx_word' id='word_1_408' title='bbox 3397 4047 3532 4117; x_wconf 79' lang='lat' dir='ltr'>stru</span> 
     </span>
     <span class='ocr_line' id='line_1_70' title="bbox 2010 4140 3522 4214; baseline 0.008 -12"><span class='ocrx_word' id='word_1_409' title='bbox 2010 4140 2501 4205; x_wconf 85' lang='lat' dir='ltr'>tbiocamelum</span> <span class='ocrx_word' id='word_1_410' title='bbox 2577 4140 2997 4207; x_wconf 81' lang='lat' dir='ltr'>confidenter</span> <span class='ocrx_word' id='word_1_411' title='bbox 3063 4144 3311 4210; x_wconf 77' lang='lat' dir='ltr'>statuit.</span> <span class='ocrx_word' id='word_1_412' title='bbox 3407 4147 3522 4214; x_wconf 83' lang='lat' dir='ltr'>Hu</span> 
     </span>
     <span class='ocr_line' id='line_1_71' title="bbox 2003 4237 3533 4330; baseline 0.007 -32"><span class='ocrx_word' id='word_1_413' title='bbox 2003 4239 2112 4319; x_wconf 84' lang='lat' dir='ltr'>jus</span> <span class='ocrx_word' id='word_1_414' title='bbox 2152 4257 2312 4324; x_wconf 86' lang='lat' dir='ltr'>ergo</span> <span class='ocrx_word' id='word_1_415' title='bbox 2356 4237 2721 4302; x_wconf 82' lang='lat' dir='ltr'>observato</span> <span class='ocrx_word' id='word_1_416' title='bbox 2770 4238 3008 4303; x_wconf 81' lang='lat' dir='ltr'>volatu</span> <span class='ocrx_word' id='word_1_417' title='bbox 3072 4261 3289 4327; x_wconf 85' lang='lat' dir='ltr'>augur</span> <span class='ocrx_word' id='word_1_418' title='bbox 3339 4243 3533 4330; x_wconf 88' lang='lat' dir='ltr'>ipse,</span> 
     </span>
    </p>
   </div>
   <div class='ocr_carea' id='block_1_15' title="bbox 304 4323 3535 4425">
    <p class='ocr_par' dir='ltr' id='par_1_17' title="bbox 304 4323 3535 4425">
     <span class='ocr_line' id='line_1_72' title="bbox 304 4323 3535 4425; baseline 0.002 -26"><span class='ocrx_word' id='word_1_419' title='bbox 304 4326 311 4332; x_wconf 74' lang='grc'><strong>’</strong></span> <span class='ocrx_word' id='word_1_420' title='bbox 402 4332 677 4403; x_wconf 81' lang='lat' dir='ltr'>fastidit.</span> <span class='ocrx_word' id='word_1_421' title='bbox 727 4323 794 4418; x_wconf 76' lang='lat'>¹²)</span> <span class='ocrx_word' id='word_1_422' title='bbox 1964 4392 1971 4399; x_wconf 87' lang='grc'><strong>,</strong></span> <span class='ocrx_word' id='word_1_423' title='bbox 2011 4348 2087 4399; x_wconf 90' lang='lat' dir='ltr'>nt</span> <span class='ocrx_word' id='word_1_424' title='bbox 2125 4334 2350 4421; x_wconf 82' lang='lat' dir='ltr'>sperat</span> <span class='ocrx_word' id='word_1_425' title='bbox 2382 4381 2404 4415; x_wconf 92' lang='lat'>,</span> <span class='ocrx_word' id='word_1_426' title='bbox 2457 4336 2736 4400; x_wconf 88' lang='lat' dir='ltr'>minime</span> <span class='ocrx_word' id='word_1_427' title='bbox 2770 4353 2988 4400; x_wconf 75' lang='lat' dir='ltr'>vanus</span> <span class='ocrx_word' id='word_1_428' title='bbox 3044 4334 3353 4403; x_wconf 87' lang='lat' dir='ltr'>Africam</span> <span class='ocrx_word' id='word_1_429' title='bbox 3389 4344 3535 4425; x_wconf 75' lang='lat' dir='ltr'>ejus</span> 
     </span>
    </p>
   </div>
   <div class='ocr_carea' id='block_1_16' title="bbox 2136 4611 3148 4790">
    <p class='ocr_par' dir='ltr' id='par_1_18' title="bbox 2136 4611 3148 4790">
     <span class='ocr_line' id='line_1_73' title="bbox 2136 4611 2882 4719; baseline 0.003 -19"><span class='ocrx_word' id='word_1_430' title='bbox 2136 4611 2882 4719; x_wconf 61' lang='lat' dir='ltr'>·)1..1v.e.3.n.9.&#39;</span> 
     </span>
     <span class='ocr_line' id='line_1_74' title="bbox 2983 4722 3148 4790; baseline -0.006 0"><span class='ocrx_word' id='word_1_431' title='bbox 2983 4722 3148 4790; x_wconf 81' lang='lat' dir='ltr'>Dd</span> 
     </span>
    </p>
   </div>
   <div class='ocr_carea' id='block_1_17' title="bbox 474 4641 1079 4720">
    <p class='ocr_par' dir='ltr' id='par_1_19' title="bbox 474 4641 1079 4720">
     <span class='ocr_line' id='line_1_75' title="bbox 474 4641 1079 4720; baseline 0.012 -23"><span class='ocrx_word' id='word_1_432' title='bbox 474 4641 539 4712; x_wconf 74' lang='lat' dir='ltr'>a)</span> <span class='ocrx_word' id='word_1_433' title='bbox 573 4642 639 4696; x_wconf 92' lang='lat' dir='ltr'>L.</span> <span class='ocrx_word' id='word_1_434' title='bbox 674 4642 922 4700; x_wconf 78' lang='lat' dir='ltr'><strong>XXXV.</strong></span> <span class='ocrx_word' id='word_1_435' title='bbox 958 4647 992 4719; x_wconf 73' lang='grc' dir='ltr'><strong>ς</strong></span> <span class='ocrx_word' id='word_1_436' title='bbox 1026 4662 1079 4720; x_wconf 73' lang='lat'>⁷·</span> 
     </span>
    </p>
   </div>
   <div class='ocr_carea' id='block_1_18' title="bbox 506 4646 1941 4807">
    <p class='ocr_par' dir='ltr' id='par_1_20' title="bbox 506 4646 1941 4807">
     <span class='ocr_line' id='line_1_76' title="bbox 1194 4646 1941 4721; baseline 0 -19"><span class='ocrx_word' id='word_1_437' title='bbox 1194 4698 1211 4721; x_wconf 75' lang='lat'>‚</span> <span class='ocrx_word' id='word_1_438' title='bbox 1273 4646 1432 4713; x_wconf 67' lang='lat' dir='ltr'>bu..</span> <span class='ocrx_word' id='word_1_439' title='bbox 1476 4646 1941 4712; x_wconf 68' lang='lat' dir='ltr'>vm.e.24.6.</span> 
     </span>
     <span class='ocr_line' id='line_1_77' title="bbox 506 4721 873 4807; baseline 0.005 -19"><span class='ocrx_word' id='word_1_440' title='bbox 506 4721 696 4807; x_wconf 70' lang='lat' dir='ltr'><em>(Vol.</em></span> <span class='ocrx_word' id='word_1_441' title='bbox 753 4721 873 4802; x_wconf 80' lang='lat' dir='ltr'>V.)</span> 
     </span>
    </p>
   </div>
  </div>
 </body>
</html>
