4175 5450
966 633 1154 716 AD
1272 627 1566 716 NVM
1595 571 1757 713 cs
1857 573 2763 714 FAM1L1A1va.
2802 645 2808 650 ·

2222 284 2295 325 ,δ’

3358 665 3495 716 ΙΙΙ

1147 1161 2783 1351 οΑΡνΤΧνῙη,

1297 1698 1719 1790 armtogia
1749 1656 2082 1771 morab»
2113 1645 2545 1794 familiarium·

361 1973 575 2065 Poll‘e
601 1995 981 2061 universam
1012 1993 1193 2060 hanc
1227 1994 1464 2060 seriem
1497 1999 1566 2063 in
1588 1998 1890 2085 aliquem

365 2108 757 2181 temporum
800 2094 1157 2177 ordinem,
1210 2093 1400 2156 miss‘o
1430 2097 1592 2160 trito
1639 2098 1762 2161 illo
1802 2117 1888 2164 ac

362 2189 618 2279 ignavo
667 2188 1109 2276 alphabetico
1135 2237 1156 2266 ,
1207 2188 1504 2255 tribuere
1529 2239 1551 2272 ,
1618 2195 1887 2278 optavi.

366 2307 520 2352 mus
553 2287 790 2371 saepe,
840 2286 953 2349 sed
1014 2283 1268 2348 nonnisi
1309 2286 1490 2350 intra
1540 2303 1712 2370 vota
1768 2290 1885 2355 ste.

363 2384 595 2447 timna.
674 2379 1136 2444 Destituantur
1151 2380 1468 2443 nimirum
1489 2386 1667 2448 notis
1693 2387 1888 2450 chro-

359 2478 743 2564 nologicis,
799 2495 1014 2561 quae,
1067 2476 1249 2538 utin
1301 2476 1532 2541 multis
1594 2480 1888 2569 impera·

291 2569 296 2574 ’
368 2589 594 2641 torum
653 2577 917 2651 numis,
982 2571 1232 2635 ·multis
1302 2574 1512 2637 etiam
1559 2573 1892 2659 Graecia,

366 2671 696 2759 temporis
717 2672 1056 2735 rationem
1086 2670 1356 2735 docent.
1458 2670 1662 2756 Quod
1685 2694 1894 2740 unum

366 2766 653 2859 superest
682 2815 702 2848 ,
745 2788 834 2832 ex
895 2769 1120 2853 typis,
1194 2767 1484 2853 aliisque
1553 2773 1894 2838 nonnullis

367 2866 579 2932 causis
617 2866 963 2951 generalia
992 2864 1332 2949 quaedam
1351 2880 1726 2955 praecepta
1746 2869 1894 2956 pos·

367 2959 588 3028 sumus
632 2961 1012 3040 conficere,
1064 2981 1241 3046 quae
1281 2960 1404 3024 'etfi
1476 2966 1568 3028 ad
1643 2965 1890 3032 numos

370 3059 658 3147 singulos
694 3066 832 3122 n'on
873 3077 1288 3143 magnopere
1314 3059 1572 3140 valent,
1626 3063 1892 3149 aliquid

355 3169 600 3231 ‚tamen
650 3152 823 3220 lucis
879 3157 1226 3219 universae
1266 3156 1365 3219 rei
1419 3162 1887 3240 monetariae,

369 3254 593 3338 qualis
659 3248 864 3317 stante
938 3271 1084 3339 rep.
1171 3250 1342 3332 fuit,
1394 3252 1891 3340 impertiuntur.

366 3350 470 3414 En
521 3353 686 3435 qus,
736 3363 1067 3436 quatenus
1089 3348 1176 3413 iri
1210 3347 1451 3435 potest,
1505 3350 1716 3418 breve
1749 3367 1922 3417 ten„

369 3457 903 3606 tlullas->mnium
940 3541 1390 3626 antiquissimi
1422 3539 1590 3619 sunt,
1636 3542 1707 3627 in
1726 3560 1891 3626 quo·

323 3656 332 3667 ¹
371 3656 526 3701 rum
559 3637 795 3701 antica
829 3635 958 3700 est:
1026 3634 1253 3725 Caput
1298 3634 1604 3700 Palladis
1663 3638 1891 3723 galea-

265 3802 276 3811 ,
371 3747 516 3799 tum
560 3733 823 3798 alatum
875 3732 1115 3797 addito
1153 3736 1256 3814 X,
1306 3733 1380 3796 in
1419 3732 1717 3799 'aver-sa:
1768 3753 1896 3796 no-

372 3850 528 3897 men
577 3829 892 3894 familiae
951 3829 1190 3907 addito
1241 3830 1512 3896 ROMA
1540 3878 1562 3910 ,

369 3928 686 3994 Dioscuri
719 3928 1007 4013 equites.
1043 3996 1048 4001 ,

395 4034 434 4079 -’
471 4026 598 4090 His
636 4023 823 4110 typis
866 4022 1059 4089 fuisse
1105 4035 1456 4088 monetam
1502 4034 1896 4110 argenteam

376 4122 795 4187 consularem
819 4168 841 4200 ,
892 4137 1050 4185 cum
1084 4140 1169 4185 ea
1196 4122 1487 4208 primum
1523 4118 1716 4185 feriri
1740 4140 1893 4185 coe-

374 4220 519 4305 pit,
573 4218 747 4282 alias
780 4219 928 4294 =dixi
951 4265 971 4298 ,
1025 4213 1094 4301 ⁸)
1145 4230 1214 4281 et
1249 4218 1402 4282 cu'm
1439 4217 1742 4280 nondum
1779 4217 1892 4283 fa·

374 4314 722 4393 miliarum
759 4316 859 4378 illi
899 4315 1181 4379 nomina
1218 4313 1489 4378 inscribi
1533 4314 1894 4389 consueve-

374 4430 474 4475 re.
574 4411 708 4479 Hic
741 4430 893 4475 mos
926 4431 1080 4478 cum
1101 4412 1398 4500 primum
1428 4406 1711 4475 stabiliri
1744 4431 1897 4477 coe·

1644 3843 1853 3918 typus
1876 3850 1894 3894 ε

453 4719 509 4783 a)
548 4717 688 4771 Sect.
725 4719 778 4776 1.
814 4737 865 4782 e,
906 4721 976 4774 V.

1105 4879 1137 4897 ο

889 4924 928 4965 ’.ι

1167 4721 1229 4790 b)
1265 4717 1337 4780 d.
1374 4717 1575 4784 morib,
1611 4717 1799 4773 Germ.
1835 4734 1881 4771 ο.
1916 4734 1971 4786 3.

1968 1999 2115 2086 pit,
2166 1998 2354 2079 cujus
2388 1991 2658 2081 epocha
2693 1993 2997 2078 incerta,
3046 1993 3292 2057 retenti
3348 2004 3500 2064 tum

1968 2094 2199 2162 adhue
2252 2092 2407 2180 typi
2452 2091 2703 2156 veteris
2748 2090 3073 2169 rationis,
3124 2089 3195 2154 in
3249 2091 3498 2176 quibus

1970 2193 2293 2279 deinceps
2357 2188 2623 2274 aliquid
2669 2187 2931 2274 semper
2988 2184 3125 2250 fuit
3172 2186 3504 2254 immuta-

1968 2302 2114 2353 tum
2139 2336 2159 2368 ,
2213 2290 2432 2352 donec
2472 2286 2737 2351 denarii
2770 2297 3034 2350 veteres
3073 2303 3228 2348 cum
3266 2304 3498 2351 recen·

1971 2377 2264 2448 tioribus
2312 2383 2547 2447 collati
2582 2382 2849 2468 penitus
2902 2380 3319 2446 dissiderent.

2070 2479 2163 2542 11.
2217 2479 2345 2542 His
2377 2477 2692 2582 proxime
2756 2477 3155 2555 succedunt,
3228 2479 3300 2540 in
3354 2483 3499 2564 qui.

1946 2572 2108 2650 .bus
2144 2587 2422 2638 manent
2456 2572 2694 2657 priora
2752 2573 3023 2651 omnia,
3104 2572 3224 2636 nili
3311 2576 3502 2661 quod

1976 2672 2132 2737 vice
2169 2671 2655 2741 Dioscurornm
2713 2679 3165 2755 compareant
3218 2670 3504 2738 numina

1976 2770 2217 2863 varia,
2267 2782 2344 2833 ut
2377 2767 2732 2846 Victoria,
2809 2766 3118 2851 Iuppiter
3178 2762 3505 2833 fulmina·

1974 2879 2132 2947 tor,
2179 2867 2457 2946 Pallas,
2507 2863 2810 2950 Apollo,
2860 2863 3129 2940 Diana,
3198 2863 3505 2951 aliique„

1975 2975 2187 3048 atque
2270 2964 2346 3028 hi
2429 2964 2502 3028 in
2555 2960 2769 3048 bigis,
2821 2960 3051 3047 trigiS,
3104 2960 3505 3048 quadrigiS.

1973 3061 2379 3146 plerumque
2409 3060 2602 3136 citis,
2653 3077 2812 3122 raro
2860 3058 3087 3121 lentis.

1995 3202 2006 3210 -
2068 3157 2360 3222 Denarii
2433 3175 2591 3220 cum
2661 3154 2771 3219 his
2819 3155 3006 3240 typis
3067 3151 3504 3221 vetustiorem

1976 3255 2186 3318 etiam
2223 3253 2566 3319 fabricam
2599 3252 2940 3337 produnt,
2992 3263 3061 3315 et
3141 3250 3503 3326 universim

1975 3349 2186 3436 bigati
2222 3352 2389 3416 dicti
2418 3348 2563 3413 sunt
2584 3395 2604 3426 ,
2657 3359 2731 3410 ut
2780 3341 3074 3432 quinarii
3134 3350 3499 3431 victoriati,

1974 3467 2138 3510 nam
2174 3447 2391 3512 multo
2434 3442 2854 3530 frequentius
2914 3442 3111 3529 bigas
3176 3444 3314 3508 illis
3372 3447 3507 3511 im-

1973 3542 2228 3627 pressas
2267 3542 2550 3618 videaS,
2582 3558 2810 3623 quam
2880 3551 3001 3600 aut
3050 3539 3305 3624 trigae,
3377 3554 3501 3609 aut

1978 3638 2375 3723 quadrigas,
2473 3634 2692 3699 Fuiss'e
2726 3633 2998 3718 bigatos
3033 3636 3177 3717 jam
3211 3634 3375 3700 olim
3430 3639 3504 3703 in

1972 3743 2212 3796 vetere
2270 3728 2940 3814 monetalhabitoffi
3023 3730 3226 3792 docet
3294 3732 3499 3796 Taci-

1972 3841 2122 3893 tus:
2171 3816 2245 3909 ¹³)-
2289 3829 2620 3894 Pecum'am
2646 3823 2932 3912 probant
2956 3820 3217 3892 vetor-em
3236 3874 3256 3905 ,
3309 3836 3366 3892 et
3391 3827 3505 3894 diu

1971 3934 2191 3993 notam
2204 3973 2226 4004 ,
2255 3926 2569 4015 serratos,
2619 3921 3013 4011 bigatosque.
3112 3922 3341 3988 Etiam
3366 3924 3496 3988 Pli-

1973 4024 2128 4089 nius
2178 4019 2577 4088 vetustiores
2630 4033 2990 4106 argenteos
3026 4039 3271 4095 numos
3309 4020 3492 4109 biga«.

1974 4131 2076 4188 tos
2093 4169 2145 4200 ,-
2184 4119 2724 4208 quadrigatosque
2765 4118 3092 4205 appellat.
3144 4122 3198 4199 ο)
3298 4122 3500 4183 Anno

1975 4221 2057 4284 V.
2096 4214 2173 4285 C·
2203 4230 2345 4302 538
2386 4236 2553 4280 mox
2585 4211 2735 4301 post
2765 4216 3029 4280 cladem
3064 4213 3502 4298 Cannensem,

1978 4332 2134 4379 cum
2177 4315 2262 4378 de
2300 4311 2779 4401 permutandis·
2810 4314 3107 4399 captivis
3145 4325 3503 4398 ageretur,

1973 4411 2178 4498 petiit
2193 4410 2546 4476 Hannibal
2580 4410 2651 4475 in
2696 4410 2930 4496 capita
2965 4408 3285 4475 Romana
3309 4406 3506 4477 CCC.

2168 4721 2218 4786 c>
2256 4720 2321 4774 1..
2356 4718 2639 4774 xxxln.
2675 4719 2709 4789 ς
2751 4736 2831 4787 ¹3·
