4175 5450
1131 587 1907 670 cvaNmA.
2012 587 2722 669 CVRIATIA.
3338 621 3470 686 199

345 785 559 856 larem
592 792 768 859 duos
817 791 1074 860 aediles
1115 795 1468 880 adjecisse,
1542 796 1659 879 qui
1720 794 1859 859 fru-

344 901 579 953 mento
619 890 1025 976 praeessent,
1060 905 1148 956 -et
1187 915 1231 957 a
1273 891 1517 957 Cerere
1547 891 1865 956 Cereales
1947 891 2136 976 quod
2172 903 2238 954 et
2270 887 2618 966 annonae,
2674 901 2740 952 et
2801 888 3120 954 ludorum
3178 891 3458 958 Ceriali-

244 1004 258 1010 ·
343 985 855 1069 appellarentur
885 1036 905 1067 ,
959 986 1023 1072 ⁸)
1075 992 1190 1076 qui
1233 987 1867 1053 confirmantur·bi‹
1945 1007 2058 1050 um
2095 987 2729 1071 procuratio‘penes
2773 987 3030 1050 aediles
3069 1008 3203 1052 non
3235 991 3466 1055 minus-

336 1080 444 1142 nis
480 1082 944 1148 marmoribus
982 1083 1070 1148 ab
1143 1084 1382 1150 Vrfino
1430 1087 1700 1164 citatis,
1795 1098 1864 1149 et
1942 1082 2295 1170 plebeioS‚
2349 1102 2555 1167 quam
2592 1081 2854 1148 curules
2895 1081 3078 1153 stetit.
3134 1075 3197 1166 ὖ)
3251 1083 3456 1151 Cere-

335 1176 719 1265 inscriptist
770 1181 1109 1246 AEDILI.
1140 1182 1392 1247 PLEB.
1431 1171 1859 1262 CERIAL.¹‘)
1942 1181 2037 1243 ris
2071 1180 2280 1243 etiam
2315 1179 2514 1243 sacris
2567 1177 2873 1264 plebeios
2937 1179 3129 1244 fuiss‘e
3189 1182 3454 1265 praefe-

334 1270 560 1339 Fuiss'e
604 1275 982 1344 Critoniurn
1021 1281 1267 1344 eodem
1309 1299 1493 1345 anno
1525 1280 1860 1358 aedilem,
1944 1288 2091 1341 ctos
2115 1321 2136 1354 ,
2191 1295 2358 1340 eruo
2396 1296 2481 1339 ex
2524 1276 2768 1342 Livio:
2793 1272 2852 1358 ²)
2900 1277 3237 1364 irssitutum
3270 1282 3457 1345 etiam

336 1368 546 1436 docet
581 1374 940 1462 Appianas
963 1425 984 1456 ‚
1038 1396 1191 1440 cum
1237 1375 1482 1455 refert,
1534 1381 1591 1455 θ)
1642 1374 1859 1444 Crito,-
1943 1373 2024 1440 ab
2066 1373 2285 1438 iisdem
2370 1351 2726 1459 consulibus*
2742 1371 2857 1459 (L.
2903 1373 3183 1439 Valerio
3234 1387 3300 1438 et
3354 1379 3452 1442 M.

339 1468 607 1534 tonium
698 1469 995 1538 aedilem
1072 1475 1143 1537 in
1216 1472 1597 1539 solennibus
1640 1472 1858 1554 ludis,
1946 1471 2271 1568 Horatio)
2324 1467 2931 1558 ursmaruscmficlte
2975 1473 3044 1534 in
3079 1470 3286 1537 aedem
3341 1472 3458 1538 Ce-

1945 1571 2114 1635 reris
2144 1566 2232 1633 ad
2260 1566 2485 1634 aedues
2511 1567 2716 1653 plebis
2775 1565 3189 1653 deferrentur.
3289 1570 3459 1633 Pars

1947 1663 2189 1731 aversa
2223 1666 2514 1729 aedilem
2538 1677 2920 1748 utrumque,
2971 1667 3071 1729 M.
3096 1663 3457 1747 Fannium,

1946 1774 2015 1827 et
2051 1762 2132 1824 L.
2171 1762 2550 1827 Critonium
2585 1759 2737 1830 fistit
2773 1761 3016 1825 eodem
3080 1765 3293 1830 modo
3365 1763 3458 1826 se-

1945 1862 2179 1924 dentes
2206 1907 2227 1940 ,
2275 1879 2410 1945 quo
2455 1856 2763 1921 Pisonem
2803 1866 2872 1919 et
2906 1855 3325 1943 Caepionem
3363 1859 3455 1922 ad
3499 1889 3514 1904 ·

2042 794 2214 857 Pars
2266 792 2495 857 antica
2529 790 2804 856 exhibet
2856 802 3064 879 capnt
3136 791 3403 861 Cereris
3437 846 3464 878 ,

338 1582 512 1646 quos
586 1568 893 1653 -parabat
926 1617 948 1649 ,
1019 1568 1330 1634 obstitiss'e
1437 1570 1864 1650 Octaviano,

338 1677 479 1741 quo
523 1666 746 1728 minus
788 1666 859 1729 in
900 1667 986 1730 iis
1024 1665 1255 1731 sellam
1311 1687 1594 1731 auream
1647 1678 1714 1729 et
1751 1686 1861 1731 co·

334 1773 582 1821 ronam
620 1763 801 1848 patri
832 1762 1011 1827 Iulio
1051 1762 1116 1828 S.
1170 1761 1246 1828 C.
1304 1764 1649 1827 decretam
1691 1782 1865 1847 pro..

330 1868 639 1935 poneret.
738 1858 825 1923 Et
870 1857 1062 1924 fuiss’e
1095 1879 1249 1923 eum
1296 1860 1625 1926 AEDum
1685 1859 1855 1924 PLe.

331 1946 473 2034 bis,
526 1949 683 2018 satis
722 1956 927 2020 docet
963 1957 1225 2021 denarii
1249 1956 1657 2042 epigraphe,
1708 1968 1853 2019 tum

329 2045 540 2110 etiam
587 2053 775 2135 quod
814 2052 1016 2116 sellae
1037 2053 1311 2138 vulgari
1338 2051 1597 2133 inlidet,
1644 2073 1856 2138 quan-

231 2181 235 2187 ι
335 2139 429 2203 do
471 2145 730 2210 aediles
762 2149 1026 2213 curules
1050 2149 1265 2212 curuli
1300 2147 1391 2211 ufi
1423 2147 1591 2234 sunt,
1642 2171 1688 2213 a
1718 2170 1857 2234 quo

333 2232 598 2300 honore
675 2261 926 2304 nomen
1009 2263 1282 2327 quoque
1345 2243 1492 2306 sunt
1566 2246 1855 2328 adepti,

333 2332 523 2411 quod
564 2334 916 2399 discrimen
965 2338 1264 2400 maxime
1339 2349 1533 2422 patet
1589 2339 1858 2400 collatis

330 2425 630 2490 denariis
669 2430 859 2495 Furii
903 2431 1321 2516 Crassipedis
1355 2431 1597 2495 aedilis
1648 2446 1856 2494 ‘curu-

328 2520 440 2587 lis.
542 2526 719 2588 Vide
754 2529 840 2591 de
879 2528 1015 2594 hoc
1062 2529 1263 2615 plura
1309 2530 1380 2592 in
1442 2528 1666 2595 numis
1714 2526 1857 2591 Sul·

327 2619 493 2704 picii
524 2620 882 2690 Platorini.

1938 1956 2390 2028 FRmetum
2436 1945 2826 2019 EMvndam
2859 1953 3004 2016 EX.
3043 1953 3109 2020 S.
3155 1952 3230 2017 C.
3296 1953 3454 2017 dest.

1937 2065 2183 2139 gnatos
2245 2053 2475 2117 sedere
2552 2051 2623 2113 in
2670 2049 2890 2114 numis
2958 2049 3458 2137 'conspicimus-

1939 2150 2218 2213 Literae
2251 2147 2526 2214 aversae
2565 2147 2638 2209 P.
2659 2149 2741 2210 A.
2775 2146 2965 2210 varie
3003 2149 3452 2233 explicantur.

1942 2244 2170 2310 Credo
2211 2242 2582 2331 significare
2621 2244 2802 2306 idern
2839 2291 2858 2322 ,
2903 2246 3099 2327 ‘qnod
3137 2246 3206 2308 in
3252 2247 3456 2309 den‘a-

1940 2342 2060 2402 riis
2090 2343 2307 2425 gentis
2334 2342 2607 2403 Sentiae
2629 2338 2934 2421 pluribus
2965 2340 3211 2408 literis:
3242 2340 3452 2408 ARG.

1940 2435 2141 2516 PVB.
2165 2484 2187 2515 ,
2240 2443 2506 2516 argento
2541 2429 2787 2517 p'ublico
2820 2448 3134 2514 notatur,
3186 2457 3323 2521 quo
3361 2439 3456 2500 in·
3521 2440 3536 2449 “

1942 2529 2245 2607 dicatur,
2301 2548 2387 2590 ex
2439 2541 2720 2614 argento
2758 2528 3034 2612 publico
3071 2530 3365 2618 sumptus
3389 2533 3459 2596 in

1941 2643 2255 2690 annonae
2259 2624 2844 2714 -procurationem
2883 2623 3131 2691 factos.

1388 2902 2424 2986 CVPIENNJA.

430 3100 615 3172 Gens
649 3128 892 3195 parum
931 3110 1224 3203 cognita.

1937 3112 2021 3179 L.
2056 3107 2254 3176 (ΝΡ.
2305 3109 2620 3199 mosem.
2643 3115 2922 3199 muer.
2962 3096 3452 3198 fflaROMA.

624 3208 829 3293 Caput
861 3208 1150 3276 Palladis
1189 3210 1467 3292 aliatum,
1517 3220 1667 3280 om
1689 3210 1859 3301 quod
1933 3210 2097 3293 AR.
2134 3208 2238 3284 C„

619 3305 680 3368 X
702 3350 727 3384 ,
766 3324 933 3390 pou
982 3309 1431 3393 cornucopiam·

2029 3306 2111 3405 c.
2157 3306 2355 3374 ch,
2391 3303 2464 3367 in
2491 3262 2918 3367 maissiam».¹
2989 3305 3135 3368 ΒΚ.

1441 3576 2347 3665 CVRIATIA.

352 3726 361 3737 ἢ
426 3778 607 3847 Gens
640 3780 935 3870 plebeia.
1052 3783 1455 3873 Cognomen·
1531 3790 1842 3876 Trigemi-

320 3897 466 3945 nus.

616 3975 867 4044 TRIG.
908 3974 1007 4043 vel
1035 3976 1340 4048 TRIGE.
1379 3978 1583 4070 Caput
1628 3978 1832 4047 Palla-

612 4073 716 4139 dis
749 4075 988 4142 alatum
1002 4126 1022 4155 ‚
1064 4097 1224 4162 prae
1260 4097 1382 4163 quo
1411 4080 1494 4147 X.

1946 3766 1968 3781 ’“
2022 3784 2102 3851 c,
2146 3783 2347 3853 cvR.
2385 3785 2465 3850 F.
2503 3784 2571 3850 in
2607 3780 3008 3863 semissibus,
3056 3775 3442 3865 trientibus,

1924 3882 2443 3969 quadrantibus.
2542 3885 2626 3947 R.

2020 3980 2098 4046 C.
2170 3979 2513 4044 Curiatius
2584 3980 2985 4066 adoptando
3059 3998 3439 4067 cognomen

1924 4078 2275 4162 Trigemim‘
2310 4076 2496 4139 haud
2542 4076 2746 4140 dubie
2789 4077 3004 4140 videri
3052 4078 3332 4142 volebat
3391 4099 3437 4143 a

324 4165 407 4231 C.
445 4165 648 4235 CVR.
687 4171 765 4236 F.
815 4172 1056 4238 Mulier
1097 4176 1166 4237 in
1225 4177 1367 4239 citis
1421 4170 1760 4262 quadrigis
1777 4171 1836 4259 s
1919 4173 2244 4238 Curiatiis
2293 4172 2581 4236 Albanis
2606 4220 2625 4250 ,
2680 4173 2794 4257 qui
2831 4172 2920 4234 ab
2955 4173 3259 4237 Horatiis
3296 4178 3431 4240 Ro·

301 4264 650 4357 fieptrum,
699 4272 1075 4357 quamstans
1099 4280 1276 4336 retro
1327 4273 1596 4337 victoria
1644 4291 1832 4335 toro-
1919 4270 2140 4334 manis
2178 4269 2342 4333 victi
2385 4266 2632 4332 Albam
2673 4267 2936 4331 Romae
2970 4288 3055 4332 ex
3091 4271 3434 4354 pactoser-

318 4368 470 4438 nat,
521 4364 741 4428 inimo
780 4366 1075 4462 ROMA.
1172 4369 1320 4431 AR.
1366 4369 1448 4431 R.

370 4602 448 4667 'a)
487 4600 743 4677 de10rig.
777 4606 879 4670 jur,
1072 4606 1143 4671 b')
1168 4609 1226 4659 in
1261 4606 1392 4663 fam.
1429 4607 1616 4670 Fann,

324 4672 404 4727 V.
441 4689 486 4725 ο.
531 4687 609 4737 ι4.
648 4670 761 4728 Dio
797 4674 864 4738 L,
904 4675 1142 4734 XLVII·
1177 4677 1221 4747 §¹
1244 4691 1334 4744 4ο.

1860 4430 1869 4437 J
1919 4368 2065 4430 vire
2121 4362 2464 4457 fecerunt,
2558 4365 2978 4430 descendere.

1510 4680 1530 4747 >
1566 4679 1632 4734 L·
1668 4676 1755 4731 ΠΙ
1808 4607 1871 4731 ἓ)
1890 4604 2034 4748 Zeu·
2071 4609 2178 4670 civ.
2213 4606 2278 4661 L.
2313 4606 2416 4662 111.
2459 4624 2505 4662 c.
2543 4615 2626 4671 23.

1476 4694 1509 4733 e
1605 4690 1609 4699 '
1760 4718 1775 4740 .
1843 4712 1857 4730 ·
1968 4720 1984 4739 0
2566 4703 2577 4713 ·

3099 4368 3440 4432 Curiatios

2800 4605 2858 4677 d>
2897 4606 3012 4667 Cic.
3059 4608 3120 4658 in
3175 4602 3327 4660 Veri.
3361 4605 3427 4658 t..
