4175 5450
1014 644 1019 653 -
1111 606 1306 684 AD·
1390 598 1858 683 NVMOS
1955 598 2877 683 FAMILIARVM.
3408 630 3559 700 ⁴:77

2656 995 2752 1157 (la-1*
3137 998 3212 1156 Ρὸι
3251 995 3555 1073 Metelli.

504 1289 680 1358 Cum
716 1289 887 1355 nihil
925 1290 996 1357 in
1045 1302 1194 1358 arte
1230 1290 1459 1358 nostra
1491 1291 1812 1358 videatur
1835 1299 1944 1352 te-

396 1387 1167 1474 merenegligendum,
1219 1390 1509 1457 observo
1542 1390 1755 1453 etiam
1794 1384 1938 1472 glo-

402 1485 631 1566 bulos,
686 1505 977 1571 quorum
1014 1505 1212 1570 unus,
1262 1487 1443 1567 duc,
1493 1501 1675 1562 tres„
1728 1484 1939 1547 etiam

375 1594 703 1665 -quatuor
743 1580 942 1666 saepe
984 1582 1112 1645 has
1147 1583 1419 1662 literas,
1472 1581 1663 1649 velut
1704 1581 1939 1665 plane·

402 1689 514 1741 tas
558 1678 656 1742 sui
699 1665 1019 1743 satellite&
1043 1725 1063 1757 ,
1136 1677 1381 1765 stipant
1406 1726 1428 1758 ,
1509 1677 1701 1767 quod
1781 1674 1939 1739 sane

400 1792 544 1837 non
578 1773 843 1857 absque
889 1776 1156 1840 ratione
1210 1775 1521 1855 factum,
1590 1794 1793 1850 nam,
1866 1779 1940 1833 ut

400 1871 777 1958 praecipue
826 1871 1065 1935 videre
1104 1870 1197 1936 est
1254 1873 1329 1936 in
1368 1872 1669 1937 denariis
1713 1869 1794 1935 L.
1831 1869 1938 1931 Iu·

404 1967 481 2030 lii
521 1966 874 2046 caesaria,
926 1986 1064 2051 quo
1097 1988 1384 2033 numero
1407 2015 1430 2048 ,
1481 1981 1603 2033 aut
1635 1966 1758 2031 [itu
1792 1964 1942 2030 sunt

405 2064 478 2127 in
529 2063 799 2143 antica,
852 2065 1099 2130 eodem
1139 2079 1208 2130 et
1251 2067 1335 2145 ssin
1384 2065 1627 2133 aversa
1650 2080 1939 2150 compa·

386 2170 580 2224 -rent.
681 2160 1041 2243 Ejusmodi
1079 2162 1340 2248 globuli
1401 2162 1595 2227 obvii
1656 2161 1806 2227 sunt
1867 2158 1942 2221 in

409 2256 632 2318 numis
674 2253 889 2320 Cassii
947 2255 1299 2321 Caeiciani
1328 2307 1346 2336 ,
1402 2257 1693 2336 Cloulii,
1762 2254 1943 2323 Coe·-

409 2352 485 2414 lii
507 2396 547 2429 ,.
584 2348 1147 2436 Corn.Scipionis
1181 2353 1552 2439 Asiagenis,
1604 2350 1683 2415 C.
1715 2352 1943 2427 Fabii,

413 2448 610 2511 Man.
653 2446 957 2527 Fonteii,
1007 2446 1391 2523 Fundanii,
1444 2447 1811 2523 Herennii,
1862 2444 1944 2505 L.

413 2542 572 2607 Iulii
619 2540 928 2605 Caesaris
945 2593 967 2627 ‚
1019 2541 1254 2607 Sentii.

513 2638 795 2704 Literae
833 2637 965 2702 hae
1000 2639 1349 2703 solitariae
1403 2638 1522 2704 [ub
1566 2646 1946 2702 extremum

394 2739 686 2802 Romae
732 2733 993 2802 liberae
1028 2749 1299 2823 tempus
1352 2740 1496 2821 jam
1560 2734 1948 2802 exolevere.

394 2835 599 2900 Sane
635 2834 708 2897 in
741 2835 1004 2915 numis,
1057 2854 1239 2920 quos
1272 2846 1461 2898 certo
1501 2829 1761 2899 constat
1810 2829 1948 2893 sae·

424 2933 578 2995 culo
621 2929 1051 2994 V111.urbia
1087 2932 1408 2994 conditae
1442 2929 1482 2993 s
1464 2943 1777 3017 gnatos
1826 2927 1951 2991 vix

425 3026 720 3112 amplius
753 3040 1178 3111 comparent.
1278 3027 1417 3089 Eas
1454 3026 1690 3091 adhuc
1742 3021 1949 3088 osten-

423 3134 572 3186 tant
606 3121 913 3184 nonnulli
952 3124 1167 3207 gentis
1220 3123 1512 3186 Mettiae
1566 3123 1950 3206 imperante

425 3219 480 3282 1.
522 3217 810 3282 Caesare
860 3216 1035 3297 cufi,
1074 3217 1342 3301 aliique
1370 3218 1675 3300 ejusdem
1711 3213 1951 3279 Caesa·

423 3333 519 3382 tls
535 3313 870 3399 1nscr1pt1
928 3311 1118 3379 COS.
1144 3315 1418 3380 TERT.
1437 3312 1691 3384 DICT.
1708 3310 1953 3376 ITER.

526 3412 641 3475 Ad
684 3407 931 3473 harum
964 3409 1151 3474 usum
1192 3410 1547 3474 literarum
1595 3408 1783 3492 quod
1854 3417 1955 3470 at-

432 3501 640 3581 tinet,
691 3506 806 3589 qui
845 3505 1065 3569 sobrie
1105 3506 1192 3576 de
1234 3505 1319 3568 iis
1370 3505 1769 3586 judicavere
1797 3547 1819 3578 ,
1883 3501 1958 3566 in

430 3597 970 3670 eo⁴conveniunt
1047 3619 1331 3679 omnes»,
1393 3595 1588 3660 fuiss'e
1642 3595 1956 3659 adhiberi

432 3695 663 3759 solitas
696 3695 787 3756 ad
844 3695 1223 3765 notandam
1290 3694 1651 3756 matricum
1688 3687 1958 3753 diverti-

430 3803 692 3870 tatem,
749 3802 817 3853 et
851 3807 1026 3875 opus
1076 3789 1341 3876 lingulis
1386 3786 1680 3852 officinis
1734 3788 1958 3870 injun-

431 3900 615 3953 ctum
653 3884 1186 3970 distinguendum
1214 3935 1235 3967 ‚
1288 3889 1474 3970 cujus
1520 3873 1743 3950 v'icem
1811 3901 1956 3945 mu-

430 3985 612 4050 neris
659 3985 727 4048 in
770 3983 925 4064 aliis
976 3982 1313 4048 subierunt
1367 3996 1575 4048 notae
1638 3979 1956 4046 arithme-

434 4084 654 4161 ticae,
706 4094 828 4145 aut
869 4077 1187 4146 adstituta
1225 4081 1507 4145 modica
1568 4078 1816 4166 sigilla,
1869 4079 1973 4151 de,

434 4199 577 4262 quo
604 4190 894 4263 utroque
926 4188 1164 4262 agetur
1205 4179 1275 4241 in
1315 4176 1768 4261 sequentibuS.
1816 4173 1958 4258 Qui

437 4274 638 4338 aliter
667 4276 757 4338 de
790 4274 896 4338 his
947 4272 1197 4337 sensere
1221 4323 1240 4353 ,
1312 4274 1681 4338 certissime
1742 4268 1955 4336 offen·

441 4371 684 4434 derunt
713 4418 733 4450 ,
787 4389 958 4455 quos
990 4372 1165 4433 inter
1211 4392 1294 4435 en
1320 4371 1447 4435 tibi
1481 4369 1955 4446 Vaillantium,

441 4470 627 4548 cujus
655 4468 912 4547 judicia
948 4467 1484 4554 saepe-temere,
1538 4480 1744 4552 atque
1796 4467 1956 4529 irre-

426 4575 754 4631 ‚verenter
792 4567 1098 4652 projecta
1125 4565 1169 4636 fi
1204 4578 1402 4651 potes
1448 4564 1577 4634 fine
1613 4562 1958 4635 stomacho

442 4657 715 4744 legere,
771 4661 1073 4724 mirabor
1125 4663 1675 4749 indulgentiam„
1731 4661 1967 4725 Habes

2023 1307 2110 1352 ex
2138 1284 2406 1353 infinito
2420 1303 2704 1351 numero
2749 1284 3071 1371 exempla
3100 1284 3364 1368 aliquot
3380 1305 3551 1372 prae

2023 1384 2179 1449 aliis
2218 1382 2537 1470 strepera,
2639 1382 2717 1446 In
2760 1383 3075 1465 quinario
3099 1383 3316 1466 gentis
3345 1379 3548 1446 Clou-

2021 1480 2161 1545 liae
2192 1479 2583 1545 adstitutum
2647 1478 3080 1564 Ioviacapiti
3121 1479 3178 1543 F
3225 1478 3550 1565 interpre-

2022 1587 2209 1641 tatur
2245 1576 2600 1641 Feretrius.
2714 1574 2977 1638 Darem
3019 1573 3184 1639 istud
3211 1622 3232 1654 ,
3321 1572 3366 1636 fi
3422 1573 3551 1639 ele-

2023 1686 2329 1738 mentum
2366 1671 2500 1736 hoc
2545 1674 2614 1736 in
2668 1671 2983 1736 omnibus
3047 1670 3358 1737 exstaret.
3459 1673 3557 1737 At

2022 1769 2173 1833 vel·
2219 1788 2427 1835 unum
2483 1769 2781 1832 museum
2834 1767 3239 1831 Caesareum
3302 1772 3431 1854 pro'
3494 1766 3557 1830 F

1991 1864 2234 1932 ·offert
2273 1866 2374 1949 D,
2423 1864 2519 1944 E,
2583 1867 2714 1945 K,
2769 1864 2875 1942 Ν,
2952 1864 3056 1943 0,
3129 1863 3215 1941 s,
3286 1865 3390 1947 T,
3465 1865 3552 1928 x,

2024 1962 2281 2027 Valeat
2310 1964 2515 2047 igitur
2548 1962 2766 2025 bonus
2791 2007 2810 2038 ,
2863 1973 2931 2024 et
2971 1962 3246 2047 opimus
3264 1960 3556 2024 Feretri-

2026 2079 2129 2128 us.
2236 2059 2465 2137 Novi,
2514 2057 3002 2138 Vaillantium,
3055 2070 3131 2125 ut
3153 2057 3560 2145 plerumque

2029 2156 2247 2237 alias,
2297 2156 2523 2244 Pighii
2559 2156 2954 2221 sententiam
2997 2155 3320 2221 secutum.
3422 2157 3555 2221 Ve-

2026 2274 2180 2323 rum
2215 2274 2424 2340 quam
2457 2255 2732 2319 veniam
2756 2254 3001 2319 damus
3035 2253 3281 2339 Pighio
3299 2299 3320 2331 ,
3365 2253 3557 2336 cujus

2032 2350 2258 2423 adhuc
2290 2349 2942 2415 aetate-vacillabat
2990 2370 3102 2414 ars
3145 2347 3402 2428 nostra,
3470 2368 3560 2411 an

2034 2444 2355 2511 dabimus
2444 2445 2652 2515 etiam
2721 2446 3098 2508 Vaillantio
3128 2449 3158 2507 ’ἒ
3209 2448 3502 2511 Vnicum
3533 2489 3560 2523 ,

1995 2568 2001 2575 ·
2035 2539 2223 2619 quod
2258 2538 2504 2614 citavi,
2559 2538 2854 2610 museum
2896 2550 3003 2602 tot
3036 2539 3238 2603 offert
3287 2540 3560 2604 varian-

2034 2634 2207 2699 tium
2239 2634 2593 2721 literarum
2641 2632 2996 2718 exempla-3
3050 2655 3138 2705 an
3191 2635 3365 2709 haec
3419 2635 3563 2721 ipse

2034 2731 2279 2796 videre
2317 2749 2454 2795 non
2487 2732 2712 2816 potuit
2752 2731 2823 2793 in
2862 2730 3027 2794 urbe
3061 2731 3202 2810 sua,
3254 2753 3430 2817 quae
3458 2733 3568 2796 in-

2037 2829 2124 2892 de
2158 2848 2202 2890 a
2239 2840 2545 2906 centum,
2601 2841 2669 2891 et
2704 2826 2999 2911 amplius
3026 2831 3220 2894 annis
3257 2839 3409 2897 tota
3443 2847 3563 2892 nu-

2036 2924 2434 2987 mismatica
2469 2922 2609 2988 est?
2657 2925 2735 2988 In
2771 2924 3068 2987 denariis
3102 2923 3321 2990 Coelii
3362 2923 3567 2989 Caldi

2036 3021 2414 3085 solitarium
2447 3021 2512 3084 H
2543 3021 2710 3106 legit
2738 3019 3187 3111 Hispaniensis,
3240 3021 3566 3084 nimitum

2041 3119 2231 3200 quod
2270 3114 2504 3202 [ignati
2545 3117 2759 3208 'ess'ent
2799 3137 2885 3180 ex
2942 3116 3392 3208 vectigalibus
3442 3116 3563 3179 Hi-

2040 3214 2356 3299 spaniae,
2409 3225 2476 3275 et
2507 3214 2578 3275 in
2616 3211 2812 3275 fimili
2849 3212 3067 3277 altero
3099 3235 3167 3278 το
3207 3216 3284 3277 Μ
3324 3214 3566 3277 Mana-

2040 3309 2252 3379 bialis.
2349 3307 2583 3371 Habet
2624 3307 2920 3372 museum
2953 3307 3359 3374 Caesareum
3392 3307 3564 3372 fimi-

2039 3406 2212 3470 lium
2247 3403 2468 3468 Coelii
2500 3406 2937 3467 denariorum
2970 3405 3244 3489 plenum
3271 3404 3415 3469 fere
3464 3404 3561 3469 al-

2042 3500 2463 3587 phabetum,
2516 3501 2632 3581 qui
2683 3498 2724 3562 fi
2773 3497 3037 3584 praesto
3083 3500 3350 3565 fuiss‘ent
3407 3504 3561 3565 viro

2039 3595 2460 3680 perspicaci,
2515 3593 2626 3657 etfi
2664 3614 2880 3679 neque
2915 3593 3033 3657 fibi
3065 3595 3388 3680 opulenta
3419 3619 3563 3660 mu·

2041 3691 2158 3754 sea
2219 3690 2542 3766 deerant,
2595 3710 2800 3774 qu-am
2854 3701 2997 3751 tum
3063 3689 3398 3755 habuisset
3442 3715 3566 3779 pa-

2039 3797 2299 3850 tentem
2332 3785 2691 3847 exercendi
2718 3783 2969 3871 ingenii
3021 3789 3388 3870 campum?
3484 3791 3567 3852 In

2045 3882 2346 3948 denariis
2383 3880 2558 3945 Aelii
2597 3881 2812 3944 Balae
2846 3880 3114 3946 literam
3155 3880 3212 3946 C
3263 3884 3568 3976 egtplicat

2043 3979 2374 4066 Corsicus,
2428 3990 2502 4042 at
2544 3998 2671 4064 pro
2729 3976 2783 4043 C
2844 3979 2914 4041 in
2965 3979 3119 4043 aliis
3170 3978 3350 4045 aliae
3417 3981 3565 4044 sunt

2042 4077 2284 4140 literae
2303 4122 2343 4156 ,‚
2377 4095 2664 4160 quarum
2718 4077 3052 4163 integrum
3108 4075 3254 4141 fere
3325 4077 3562 4165 alpha..

2042 4173 2278 4237 betum
2326 4172 2538 4237 habet
2585 4175 2829 4236 iterum
2883 4173 3182 4238 museum
3250 4174 3552 4238 Caesare-

2041 4292 2181 4344 um,
2283 4271 2394 4335 Ad
2443 4291 2720 4334 numum
2759 4270 2975 4355 gentis
3023 4270 3392 4347 Claudiae,
3495 4276 3558 4335 ist

2047 4387 2185 4454 quo
2213 4367 2458 4454 legitur
2487 4367 2830 4431 Lxxml.
2857 4416 2877 4446 ,
2931 4368 3220 4452 adv-ertit
3247 4417 3262 4438 ,
3319 4370 3560 4432 fimjlwf

2046 4467 2366 4529 denarios
2411 4465 2601 4529 cusos
2644 4485 2726 4528 ex
2783 4464 3039 4528 tributo
3101 4468 3275 4544 ragis
3327 4469 3555 4572 ¹³⁵9*

2044 4564 2191 4642 nis,
2244 4565 2429 4647 quod
2461 4574 2610 4628 erat
2650 4553 2880 4647 pc'ndo
2924 4564 3184 4647 argenti
3220 4563 3370 4623 Lx
3347 4571 3420 4623 <.
3417 4565 3496 4622 3
3489 4565 3554 4622 ’.ἱ

2039 4661 2219 4747 Ergo
2258 4680 2404 4724 non
2438 4662 2615 4724 vidit
2650 4661 2966 4726 denarios
3011 4662 3077 4722 id
3117 4680 3322 4756 gena-3
3361 4661 3528 4724 mim
