4175 5450
1084 576 1265 652 AD
1366 569 1845 654 NVMOS
1966 567 2920 699 FAMILIARVM4.

314 760 321 765 ’
396 773 512 859 qui
545 769 752 843 obitis
789 772 1085 861 primum
1130 775 1573 851 inferioribus
1613 776 1907 870 muneri·

391 870 520 937 bus
559 869 923 957 adspirare·
954 873 1200 940 deiude
1236 878 1332 941 ad
1369 875 1780 942 senatoriam
1812 874 1912 938 di-

390 969 723 1052 gnitatem
764 970 1061 1055 possent,
1111 975 1289 1038 inter
1323 995 1443 1039 eos
1475 977 1685 1039 etiam
1714 992 1911 1059 prae-

388 1074 496 1131 ter
531 1064 822 1131 Illviros
860 1068 1193 1155 capitales
1228 1085 1579 1137 enumerat
1604 1092 1708 1151 rec,-
1732 1080 1912 1156 τρεις,

391 1179 497 1239 τες
534 1181 605 1225 το
646 1183 716 1227 τε
744 1183 1116 1249 romaum-09
1160 1188 1376 1252 κομμα
1415 1162 1913 1255 μεταχειριζθμεὲ

389 1267 490 1335 ⁹89
510 1303 531 1335 ‚
581 1264 713 1324 tres
732 1262 1084 1349 signandae
1126 1274 1406 1333 monetae
1450 1268 1772 1353 negotium
1800 1281 1913 1348 ge-

389 1362 617 1419 rentes.
714 1356 865 1423 Iam
922 1379 1092 1425 vero
1130 1382 1285 1427 cum
1327 1360 1666 1428 referente
1709 1360 1917 1425 Taci-

388 1460 466 1513 to
503 1446 567 1531 ³)
618 1452 940 1520 Tiberius
999 1460 1278 1542 petierit
1319 1481 1364 1525 a
1412 1459 1771 1545 patribus„
1841 1466 1916 1519 ut

392 1545 581 1608 Nero
656 1546 1048 1617 Germanici
1117 1555 1200 1622 F.
1266 1577 1519 1623 munere
1589 1549 1918 1644 capeffendi

284 1680 305 1690 -
389 1642 781 1711 XXviratus
790 1648 1148 1735 fhlveretur
1166 1699 1187 1731 ,
1238 1663 1301 1717 et
1335 1655 1750 1740 quinquennio
1777 1668 1916 1717 ma-

389 1741 641 1818 turias,
692 1763 884 1827 quam
912 1766 1033 1830 per
1065 1747 1235 1834 leges
1254 1796 1274 1828 ,
1298 1752 1713 1837 quaesturam
1743 1758 1914 1834 pete·

389 1842 491 1899 ret
504 1879 532 1911 ,
586 1837 840 1904 constet
865 1855 1096 1905 autem
1126 1890 1150 1924 ,
1198 1858 1273 1910 ut
1302 1846 1563 1933 Lipsius
1601 1847 1695 1910 ad
1717 1844 1915 1929 {hunc

389 1930 606 2015 ipsum
648 1934 877 2001 Taciti
917 1938 1149 2003 locum
1200 1943 1503 2027 probat,
1568 1949 1710 2009 nbn
1749 1941 1914 2006 licu-

390 2027 506 2090 isse
564 2029 758 2095 adire
803 2033 1229 2119 quaesturam
1288 2053 1450 2104 ante
1497 2039 1746 2103 aetatis
1796 2057 1915 2102 an-

391 2142 556 2187 num
632 2125 868 2192 saltem
933 2131 1326 2217 vigesimum
1392 2137 1744 2222 quintum,
1828 2154 1915 2197 eo

391 2218 537 2303 ipso
564 2266 583 2299 ‚
638 2225 823 2303 quod
856 2214 1386 2309 quinquennium
1425 2232 1690 2295 Naroni
1725 2231 1913 2294 dem·

393 2314 591 2397 p'tum
636 2317 961 2397 volebat,
1027 2322 1455 2407 colligimus»,
1521 2330 1664 2406 jam
1718 2339 1915 2389 aeta-

393 2411 483 2473 tis
521 2430 701 2475 anuo
756 2415 902 2480 XX.
954 2416 1208 2479 licuiffe
1258 2420 1451 2482 adire
1496 2421 1920 2482 XXviratum

395 2509 844 2582 monetalem.
940 2511 1137 2575 Vnde
1177 2524 1358 2577 recte
1377 2514 1712 2594 Ovidiu8‚
1765 2533 1923 2580 cum

396 2604 616 2668 vitam
640 2604 831 2670 suam
864 2606 1219 2689 describit,
1268 2610 1371 2675 ait
1390 2631 1408 2673 ι
1430 2599 1487 2689 ¹²)

497 2797 822 2887 coepimus
854 2810 916 2868 et
951 2812 1198 2869 tenerae
1238 2803 1486 2890 primos
1523 2806 1762 2870 aetatis
1802 2800 1920 2871 ho-

1499 2921 1690 2968 nores
1705 2947 1727 2980 ‚

596 2998 774 3084 Eque
828 2994 1101 3064 VIRIS
1148 2996 1465 3084 quondam
1510 3017 1680 3083 pars
1736 2997 1921 3066 TRI-

1194 3092 1391 3161 BVS
1415 3114 1543 3162 una
1565 3095 1724 3182 fui,

342 3353 353 3362 ‚
405 3303 544 3374 quo
598 3305 879 3354 munere
917 3298 1208 3353 exacto:
1263 3287 1459 3361 Curia
1486 3287 1759 3379 restabat
1807 3301 1919 3358 etc.

402 3387 516 3450 sed
563 3379 672 3449 'cui
711 3386 1057 3453 Musarum
1106 3384 1322 3449 otium
1358 3386 1693 3452 antetulit.
1817 3389 1924 3453 Ex

409 3465 561 3565 quo·
600 3493 828 3566 patet,
916 3483 1035 3565 qui
1085 3481 1297 3545 Illvir
1347 3481 1709 3545 monetalis
1750 3480 1923 3570 fuit,

410 3577 702 3642 eundem
750 3591 835 3640 -et
875 3578 1225 3642 XXvirum
1268 3574 1555 3665 potuisse
1601 3576 1779 3654 dici,
1849 3591 1926 3643 ut

3443 590 3533 678 63

2005 772 2348 856 Silanum,
2425 786 2495 840 et
2546 772 2667 841 Cn.
2727 778 3129 866 PompeJ‘um
3194 781 3528 870 Magnum

2006 890 2291 957 generos
2343 867 2495 937 suos
2544 873 2720 937 inter
2765 877 2911 941 XX.
2950 879 3140 942 viros
3186 880 3532 967 magistra·

2004 979 2152 1032 tum
2199 978 2478 1056 gerere,
2562 970 2784 1054 iisque
2838 970 2980 1035 sero
3040 976 3316 1040 tandem
3376 1000 3529 1064 per·

2007 1065 2313 1145 miss'um,
2365 1078 2439 1129 ut
2483 1068 2939 1152 quinquennio
2985 1074 3326 1151 maturius,
3353 1086 3526 1143 cete·

2006 1180 2126 1226 ros
2189 1160 2617 1249 magistratus
2657 1176 2996 1250 peterent.
3097 1169 3295 1232 Adde
3349 1192 3529 1236 mar-

2007 1277 2211 1324 mora
2244 1259 2409 1324 bina
2439 1280 2486 1325 a
2520 1261 2820 1325 Marinio
2844 1309 2864 1341 ,
2902 1262 2958 1345 e)
3029 1274 3097 1327 et
3133 1263 3423 1331 Grutero
3467 1258 3528 1352 ἵ)

2005 1354 2328 1441 vulgata,
2401 1376 2689 1441 quorum
2745 1357 2944 1423 illud·
2974 1360 3217 1424 Iulium
3271 1364 3530 1430 Procu-

2005 1451 2150 1515 lum
2174 1501 2194 1531 ‚
2245 1453 2379 1516 hoc
2405 1453 2496 1537 Q.
2536 1456 2832 1519 Hedium
2866 1456 3012 1541 post
3045 1459 3368 1523 recitatos
3403 1462 3526 1525 ali-

2009 1567 2091 1611 os
2145 1546 2433 1612 illustres
2496 1549 2918 1637 magistratus
2987 1556 3057 1617 in
3123 1553 3255 1618 fine
3317 1570 3529 1641 vocat

2008 1644 2380 1711 IIIVIRum
2408 1650 2495 1711 A.
2530 1652 2615 1711 A.
2653 1649 2738 1711 A.
2781 1648 2861 1713 F.
2898 1650 2982 1717 F.
3083 1648 3358 1717 Constat
3405 1675 3526 1719 au·

2006 1751 2193 1827 tem,
2246 1762 2597 1819 marmora
2627 1745 2697 1806 in
2729 1747 3150 1810 recensendis
3184 1749 3526 1834 magistra·

2008 1836 2190 1900 tibus
2236 1834 2633 1925 plerumque
2683 1840 2950 1905 servare
3004 1840 3311 1908 ordinem
3358 1859 3528 1911 tem·

2006 1952 2298 2018 porum,
2372 1935 2459 2000 fic
2516 1950 2640 2015 ut,
2720 1956 2892 2020 quos
2950 1941 3100 2023 quis
3150 1937 3530 2026 postremos

2005 2028 2267 2110 obivit,
2334 2046 2790 2099 memorentur
2853 2036 3101 2121 primi,
3168 2057 3215 2101 a
3281 2039 3529 2122 quibus

2006 2145 2174 2189 vero
2208 2131 2476 2215 coepit,
2547 2128 2887 2217 postremi.
2988 2132 3220 2214 Quare
3278 2138 3530 2201 mirum
3625 2138 3708 2213 j,

2006 2240 2146 2286 non
2179 2224 2305 2305 est,
2359 2228 2930 2291 nobilissimarum
2968 2231 3266 2315 gentium
3312 2234 3547 2297 nomi-³
3644 2302 3660 2313 Ι

2005 2337 2100 2380 na
2160 2322 2335 2386 inter
2382 2324 2673 2388 Illviros
2728 2327 3103 2390 monetales
3166 2326 3335 2414 legi,
3413 2330 3532 2414 qui

2010 2423 2080 2474 et
2127 2414 2288 2497 ipfi,
2342 2430 2420 2480 ut
2457 2421 2798 2497 vidimus,
2850 2422 3143 2485 XXviris
3187 2425 3534 2490 contribu-

2007 2506 2062 2566 ti
2095 2504 2312 2573 fuere.
2409 2513 2496 2575 Et
2547 2512 3136 2580 secundum'haec
3184 2517 3531 2604 explican-

2010 2600 2084 2664 di
2125 2602 2315 2668 haud
2360 2606 2565 2670 dubie
2608 2606 2755 2672 sunt
2794 2611 3091 2677 denarii=

2110 2699 2315 2787 caput
2354 2704 2704 2770 Octaviani.
2754 2712 2813 2781 π
2875 2706 3532 2777 T1.sEMPRON1.
3593 2682 3598 2691 ’

2009 2789 2145 2861 vs,
2202 2795 2645 2867 GRACCVS.
2714 2801 3033 2869 1111le.
3100 2804 3187 2886 Q.
3236 2804 3531 2873 DEslo.

2110 2893 2318 2980 Caput
2355 2899 2417 2963 Ι.
2469 2898 2771 2986 Caesaris.
2870 2906 2930 2974 (Ε
3000 2901 3084 2986 Q.
3146 2901 3529 2968 VOCONI-

2008 2988 2145 3055 VS.
2177 2992 2596 3064 VITVLVS.
2633 2997 2721 3079 Q.
2760 2995 3120 3062 DESIGN.

2008 3106 2256 3173 nempe
2288 3087 2768 3176 Sempronius,
2839 3106 2907 3157 et
2933 3093 3294 3161 Voconius
3337 3094 3532 3164 fuere

2010 3182 2285 3249 1111viri
2314 3189 2728 3267 monetales,
2783 3200 2852 3253 et
2898 3190 2968 3254 in
3015 3192 3152 3257 hoc
3189 3193 3532 3283 magistra·

2009 3290 2085 3343 tu
2120 3280 2492 3362 constituti,
2547 3288 2775 3368 etjam
2814 3285 2905 3349 ad
2934 3286 3357 3371 quaesturam
3409 3296 3536 3358 de-

2010 3376 2253 3463 signati
2286 3377 2416 3443 hos
2452 3396 2771 3445 curarunt
2799 3384 3116 3448 denarios
3149 3385 3534 3457 feriundos.

2109 3477 2427 3539 Annuum
2461 3472 2652 3540 fuisse
2690 3477 2870 3541 hunc
2901 3478 3359 3568 magistratum
3383 3486 3534 3572 pas.¹

2012 3569 2132 3634 fim
2192 3570 2561 3635 adfirmant
2607 3573 3016 3638 Vaillantius
3053 3622 3071 3653 ,
3157 3589 3224 3638 et
3269 3581 3535 3646 Havet-

409 3691 655 3737 revera
741 3673 814 3736 in
906 3691 1250 3737 marmore
1351 3671 1591 3756 Sponii
1682 3671 1929 3758 legitur
2016 3683 2329 3749 campus·
2380 3664 2716 3734 Posterior
2744 3670 2829 3734 fic
2866 3671 2938 3732 in
2975 3669 3532 3762 praefationezss)

408 3769 778 3846 iileO.
812 3767 1323 3836 MONETALI.
1352 3767 1414 3853 ο)
1517 3768 1675 3832 Fuit
1718 3769 1925 3855 igitur

408 3868 836 3943 XXviratus,
924 3864 1038 3930 etsi
1099 3864 1524 3951 magistratus
1589 3863 1875 3930 inferior
1901 3914 1923 3947 ,

375 3964 531 4029 ‚sed
563 3976 799 4031 tamen
830 3964 1030 4042 talis»,
1081 3983 1205 4051 per
1248 3984 1447 4049 quem
1487 3964 1580 4028 ad
1631 3966 1924 4056 majores

408 4063 479 4126 in
532 4079 679 4150 rep.
716 4061 1015 4127 honores
1068 4062 1457 4126 enitendum
1496 4058 1671 4140 fuit,
1739 4063 1927 4146 quod

410 4178 551 4222 non
584 4161 795 4225 modo
845 4180 931 4223 ex
986 4158 1200 4223 citato
1258 4159 1490 4222 Taciti
1544 4157 1701 4222 loco
1753 4159 1927 4223 vidi-

2010 3781 2207 3847 neque
2241 3766 2392 3827 anni
2420 3765 2610 3831 unius
2628 3769 2908 3853 spatium
2941 3766 3294 3835 excedebat.
3396 3773 3536 3837 Sed

2009 3858 2188 3924 haec
2206 3870 2461 3926 temere
2479 3864 2744 3930 adserta
2771 3863 2957 3929 nullo
2998 3876 3281 3951 potuere
3335 3888 3535 3955 argu-

2016 3970 2248 4021 mento
2314 3955 2649 4041 stabilire,
2720 3963 2880 4046 quin
2939 3975 3195 4048 quanto
3244 3956 3374 4028 sese
3424 3967 3538 4030 iu-

2019 4054 2387 4119 commodo
2439 4057 2787 4124 statuenda
2819 4059 2951 4122 hac
2984 4060 3133 4146 lege
3183 4055 3533 4149 obligave·
3587 4055 3593 4061 ⁴

2014 4154 2174 4231 rint,
2225 4168 2516 4239 apparet
2546 4156 2637 4220 ab
2676 4156 2885 4220 anxio
2925 4169 3170 4221 conatu
3199 4204 3218 4237 ‚
3273 4180 3409 4246 quo
3444 4182 3533 4226 ex

418 4275 604 4334 mus,
674 4241 785 4320 se'd
860 4258 1068 4321 etiam
1100 4271 1113 4278 ·
1142 4277 1233 4320 ex
1309 4255 1535 4319 Dione
1605 4254 1930 4319 docemur
2016 4248 2282 4334 laqueis
2301 4250 2418 4314 fibi
2457 4252 2903 4318 aMescennio
2943 4254 3196 4318 Illviro
3246 4257 3534 4341 objectis

414 4364 776 4433 narrante,
806 4343 869 4437 ¹¹)
922 4373 966 4417 a
1009 4352 1301 4418 Claudio
1324 4353 1532 4438 juss‘os
1562 4351 1930 4417 L.Iunium
2022 4350 2317 4414 evadere
2390 4351 2626 4414 nititur
2695 4351 3260 4437 HavercampuS,
3302 4345 3369 4437 Β)
3446 4357 3535 4419 de

489 4590 545 4651 a)
587 4590 734 4644 Anu.
761 4592 866 4644 111.
900 4611 948 4652 c.
989 4612 1080 4663 29-

423 4661 477 4731 e)
512 4658 691 4721 Iscriz.
723 4660 928 4716 Alban.
966 4681 1023 4735 p.
1051 4676 1139 4734 54.
1308 4662 1353 4731 f)
1387 4679 1515 4736 pag·
1544 4674 1669 4733 417.
1691 4681 1748 4734 5·-

1251 4592 1310 4660 b)
1349 4591 1505 4645 Tris.
1535 4591 1603 4645 L.
1638 4592 1740 4646 lv.
1777 4591 1850 4647 οι.
1882 4592 1958 4652 x,
1991 4609 2047 4651 v.
2077 4607 2169 4660 33.

2937 4592 3536 4667 ,ψμηψῶ
