4175 5450
583 601 596 610 ⁵
716 637 851 710 17⁸

1619 610 2254 692 COPONIA.

2356 582 2954 694 coanrm'

1803 983 2670 1080 .coPoN1A

675 1185 686 1192 “
748 1167 754 1176 .
804 1202 1191 1270 Patriciane
1255 1195 1500 1280 fuerit,
1552 1219 1641 1264 an
1697 1165 2028 1288 plebeia:
2094 1221 2235 1267 non

703 1301 861 1368 satis
904 1300 1365 1387 exploratum.
1497 1294 1674 1361 Istud
1748 1310 2006 1362 certum
2070 1297 2231 1362 teste

710 1397 1083 1479 Cicerone,
1135 1391 1198 1478 ⁸)
1249 1395 1336 1459 T.
1378 1392 1768 1481 Coponium
1796 1395 2056 1459 Tibure
2077 1414 2232 1480 pro-

701 1492 959 1559 fectum
996 1494 1265 1555 Romae
1304 1490 1683 1556 conrediffe.
1782 1488 2032 1553 Dictos
2065 1489 2234 1556 olim

701 1590 896 1654 fuisse
964 1588 1362 1673 Cauponios
1398 1634 1418 1665 ,
1503 1571 1829 1650 testantur
1883 1608 2235 1652 marmora

701 1685 1071 1751 Tiburtina
1096 1731 1117 1762 ,
1168 1704 1343 1770 quae
1384 1683 1628 1747 recitat
1685 1684 2231 1772 Havercampus.

707 1782 843 1847 Sed
875 1797 945 1846 et
981 1781 1217 1844 dixere
1249 1791 1554 1857 veteres,
1628 1791 1696 1843 et
1752 1780 1893 1865 ipse
1951 1781 2236 1860 Cicero,

699 1901 848 1964 copo
883 1897 1012 1964 pro
1051 1897 1244 1964 canapo
1293 1923 1314 1954 ‚
1368 1888 1435 1939 et
1467 1874 1831 1940 dicebatur
1863 1899 2038 1964 repa
2079 1897 2237 1942 cau·

699 1975 901 2065 ponis
947 1992 1141 2040 uxor.
1238 1973 1416 2039 Vide
1476 1971 2032 2060 lexicographos.

930 2121 936 2126 .
1004 2064 1082 2133 C.
1135 2068 1608 2136 COPONIVS.
1641 2070 1782 2137 PR.
1826 2069 1891 2135 S.
1939 2069 2014 2138 C.
2085 2068 2235 2135 Cla-

994 2185 1080 2233 va
1113 2177 1316 2234 erecta
1364 2185 1497 2229 cum
1535 2164 1761 2252 spoliis
1815 2167 2006 2232 leonis
2023 2215 2050 2255 ,
2097 2165 2238 2232 hinc

889 2309 896 2316 -
995 2263 1188 2330 telum
1207 2313 1228 2343 ,
1277 2261 1438 2328 iHinc
1489 2280 1698 2328 araas.
1767 2345 1772 2350 ἡ

712 2363 801 2446 Q.
841 2359 1243 2427 SICINIVS.
1308 2358 1591 2424 IIIVIR.
1655 2357 1857 2446 Caput
1921 2358 2238 2446 Apollinis

709 2459 1160 2536 diadmatunm
1209 2455 1406 2543 infra
1435 2457 1687 2544 astrum.
1755 2458 1938 2548 ,ΑΙ-ἶ.
1987 2458 2137 2521 RR.

712 2556 1336 2642 kal-lavercampus
1390 2571 1543 2617 cum
1622 2553 1918 2638 primum
1997 2552 2236 2616 edixis-

711 2654 810 2719 set
833 2699 852 2733 ,
875 2641 942 2737 b)
990 2674 1060 2717 ro
1095 2653 1238 2717 PR.
1277 2649 1632 2737 legendum
1665 2659 1968 2736 praetor,
2011 2647 2238 2712 -subin-

718 2753 807 2817 de
850 2749 912 2814 se
966 2760 1327 2829 retractat,
1376 2749 1437 2832 ⁶)
1489 2761 1556 2813 et
1585 2747 1941 2832 legendum
1997 2743 2247 2811 adserit

713 2849 1041 2925 PRimus,
1093 2845 1177 2910 fic
1225 2856 1301 2908 ut
1335 2841 1421 2925 Q.
1457 2843 1822 2921 Sicinium,
1874 2853 1944 2904 et
1986 2840 2061 2905 C.
2112 2841 2242 2906 Co·

717 2946 1005 3031 ponium
1042 2944 1348 3006 Primum
1387 2936 1577 3003 fuisse
1602 2938 1891 3002 Illviros
1933 2948 2240 3001 moneta-

718 3041 819 3103 les
870 3041 1129 3104 statuat.
1248 3028 1455 3099 Nulla
1503 3033 1690 3098 istud·
1738 3033 1885 3098 veri
1969 3032 2188 3118 specie
2218 3080 2240 3115 ,

722 3157 874 3204 cum
907 3139 1150 3201 literae
1188 3134 1331 3197 PR.
1365 3129 1512 3195 fere
1544 3141 1810 3195 tantum
1835 3138 2195 3214 praetorem
2218 3176 2239 3206 ,

724 3236 944 3301 rarius
981 3229 1371 3321 praejectam
1418 3226 1677 3296 soleant
1723 3226 2060 3302 indicare3
2120 3225 2241 3315 ‘de-

2314 1203 2475 1266 inde
2514 1219 2669 1267 cum
2705 1201 2964 1266 nullum
3013 1200 3085 1264 in
3118 1193 3253 1265 hoc
3287 1201 3569 1270 denario
3619 1195 3824 1274 curta·

2315 1311 2460 1362 tum
2499 1298 2575 1362 fit
2612 1301 2905 1363 nominis
2940 1287 3395 1379 vocabulu'm,
3454 1322 3590 1367 non
3650 1318 3825 1386 erat,
3906 1355 3911 1360 .

2314 1394 2537 1472 ratio,
2591 1413 2710 1458 cur
2774 1414 3023 1459 nomen
3097 1394 3359 1462 Primus
3431 1412 3825 1472 curtaretur.

2318 1491 2641 1570 Accedit,
2712 1494 2894 1576 quod
2948 1491 3134 1555 nullo
3181 1508 3622 1561 monumento
3678 1518 3825 1584 pro-

2315 1586 2468 1650 bari
2503 1585 2759 1673 potest,
2800 1587 3015 1654 ·fuiss‘e
3067 1586 3395 1673 Coponiis
3461 1597 3832 1679 cognomen

2314 1683 2554 1751 Primi.
2652 1686 2746 1747 At
2798 1696 3219 1749 memoratur
3269 1705 3314 1748 a
3365 1682 3692 1752 Cicerone
3754 1689 3828 1755 C.
3934 1703 3941 1712 “

2319 1778 2672 1865 Coponius
2694 1827 2716 1861 ,
2788 1784 2903 1865 qui
2947 1784 3278 1867 praetorio
3328 1785 3590 1868 imperio
3639 1785 3832 1852 classi

2319 1875 2635 1941 Rhodiae
2701 1876 3042 1963 praefuit,
3117 1897 3254 1962 quo
3328 1869 3638 1967 tempo‘re
3698 1881 3835 1946 bel·⁸

2315 1973 2457 2037 lum
2474 1972 2676 2037 civile
2715 1972 3072 2039 Caesarem
3103 1975 3280 2039 inter
3315 1987 3384 2039 et
3430 1978 3832 2064 Pompejum'

2318 2067 2608 2148 exarsit,
2661 2072 2911 2157 quique
2945 2071 3139 2154 hujus
3172 2072 3472 2157 partium
3534 2073 3667 2140 fuit
3693 2123 3714 2152 ‚
3763 2065 3829 2159 ὅ)

2321 2184 2475 2230 cum
2513 2185 2654 2250 qua
2706 2180 2937 2232 aetate
2991 2168 3179 2232 numi
3235 2166 3508 2235 fabrica
3568 2173 3835 2258 egregie

2321 2261 2682 2349 conspirat.
2785 2263 3120 2329 Additum
3172 2263 3242 2329 S.
3285 2262 3367 2332 C.
3408 2268 3697 2351 probat,
3749 2289 3834 2333 ex

2320 2358 2388 2423 S.
2429 2357 2510 2425 C.
2568 2359 2828 2446 aliquid
2895 2361 3210 2425 molitum
3258 2358 3336 2424 C.
3402 2362 3837 2450 Coponium,

2322 2456 2412 2519 ad
2449 2456 2637 2539 quod
2670 2454 3154 2540 perficiendum
3210 2456 3484 2540 publice
3534 2460 3836 2547 suppedi-

2318 2563 2469 2616 tata
2494 2564 2564 2616 et
2583 2551 2738 2615 cusa
2765 2555 3054 2638 pecunia
3071 2564 3350 2618 curante
3380 2553 3547 2619 istud
3591 2556 3678 2640 Q.
3704 2574 3718 2590 ·
3740 2556 3838 2620 Si·

2322 2649 2505 2735 cin-io
2539 2648 2791 2712 IIIviro
2841 2649 3190 2716 monetali.
3290 2649 3603 2716 Herculis
3646 2673 3844 2719 arma

2324 2746 2512 2809 hand
2550 2744 2752 2809 dubie
2791 2748 2881 2810 ad
2916 2745 3301 2833 Coponium
3333 2748 3590 2813 Tibure
3617 2753 3841 2815 oriun-

2327 2843 2489 2906 dum
2531 2842 2903 2925 pertinent,
2958 2863 3095 2928 quo
3147 2845 3216 2915 in
3284 2846 3543 2930 oppido
3612 2849 3845 2934 magni

2321 2935 2601 3025 Herculi
2652 2937 2950 3002 honores
3011 2939 3156 3003 sunt
3211 2939 3473 3024 habiti,
3538 2945 3713 3007 unde
3770 2956 3842 3009 et

2323 3032 2697 3098 Herc'uleum
2731 3034 2984 3098 dictum
3019 3038 3418 3122 Propertio,
3466 3034 3528 3121 e)
3581 3051 3648 3103 et
3707 3040 3843 3102 Ti-

2323 3129 2491 3193 bure
2570 3128 2760 3194 fuisse
2840 3127 3077 3207 fanum
3155 3133 3503 3214 Herculis,
3571 3124 3851 3201 testatur

2324 3223 2602 3293 Strabo.

1953 3512 2634 3596 CORDIA.

823 3718 1026 3791 Gens'
1068 3725 1190 3792 v'ix
1234 3721 1544 3810 cognita.
1647 3714 2044 3808 Cognomen
2112 3719 2251 3787 Ru-

631 3821 859 3911 ,m

1020 3915 1337 3982 RvFvs.
1371 3914 1636 3999 nrvm
1693 3910 1946 3997 Capita.
1996 3912 2250 3999 Dioscu-

1017 4020 1258 4081 rorum.

2331 3719 2563 3784 MAN.
2623 3716 3047 3784 CORDIVS.
3121 3716 3353 3805 Cupido
3400 3717 3681 3806 delphin
3749 3742 3862 3788 ve·

2329 3825 2488 3880 ctus·
2621 3910 2935 3975 RVFVS.
2984 3912 3239 3978 Noctua
3286 3913 3510 3999 galeae
3569 3916 3881 4002 inffim·

2331 4006 2562 4074 MAN.
2602 4004 3022 4072 CORDIVS.
3077 4008 3284 4095 Aegis
3327 4012 3558 4100 inserto
3622 4010 3868 4077 Medu-

725 4112 958 4181 MAN.
1005 4096 1432 4176 CORDIVS.
1507 4105 1749 4175 Mulier
1782 4107 2004 4195 stans,
2070 4105 2251 4190 majus
2312 4103 2428 4192 sae
2467 4106 2690 4191 capite.
2805 4105 2954 4167 AR·
3010 4106 3096 4170 R.
3157 4130 3181 4140 ·

725 4211 978 4278 humero
1041 4216 1267 4274 noctua
1339 4205 1552 4296 inficiet
1581 4254 1602 4285 ,
1684 4203 1749 4269 d.
1802 4203 2096 4268 bilancsm
2120 4247 2140 4279 ,
2187 4198 2248 4288 s.

724 4309 956 4398 lussam
998 4305 1440 4392 transversam.
1545 4305 1687 4369 AR.
1738 4302 1826 4366 R.

2622 4202 2854 4265 MAN.
2900 4199 3320 4269 CORDIVS.
3395 4202 3607 4290 Caput
3678 4201 3879 4273 Satis

2617 4297 2962 4362 radiatam.

1041 4401 1360 4468 RVFVS.
1400 4400 1469 4467 S.
1528 4397 1605 4465 C.
1660 4396 1863 4483 Caput
1909 4394 2195 4463 Veneris.
2334 4392 2650 4461 RVFVS.
2736 4392 2986 4481 Aquila
3043 4395 3227 4482 stans
3320 4398 3611 4484 expanfis
3706 4396 3887 4474 alis.

808 4645 1002 4765 ἡδεῖα
1038 4640 1219 4694 Balbo
1255 4657 1303 4700 c.
1341 4655 1430 4706 23.
1619 4634 1680 4700 b)
1717 4638 1775 4688 in
1810 4634 1948 4694 fam.
1986 4634 2067 4686 Co

734 4727 825 4781 ³²·

972 4712 1141 4770 Attio.
1174 4709 1251 4770 1..·
1281 4708 1443 4767 vm.
1480 4722 1574 4777 ep,
1618 4721 1697 4760 ια.

1893 4706 1946 4771 e)
1983 4704 2048 4757 L.
2070 4651 2335 4774 litia-cleg·
2369 4720 2459 4774 32.
2576 4754 2583 4761 .

2413 4635 2462 4701 ο)
2498 4637 2558 4688 in
2589 4634 2725 4689 ram.
2748 4633 2927 4690 'siam
3182 4634 3245 4705 ιι)
3280 4618 3353 4691 de
3387 4635 3582 4711 navia.
3614 4639 3685 4692 L.
3726 4640 3787 4702 ι,
3832 4658 3897 4696 e.
