4175 5450
591 659 612 680 .
687 638 825 712 ¹54

679 823 827 888 AV.
880 806 1349 899 (Pembrock.)
1447 809 1718 885 RRRR.
1771 811 1920 877 AR.
1960 812 2049 878 R.

1914 608 2561 690 CAECILIA.

2279 814 2390 880 da.
2489 815 2666 876 Ante
2706 811 2940 877 omnia
2998 812 3349 879 literarum
3395 810 3480 879 G.
3540 812 3629 880 T.
3709 814 3801 893 A}

970 911 1312 978 METEL.
1393 907 1612 976 PIVS.
1697 904 1917 981 SCIP.
1999 908 2193 972 IMP.
2275 908 2494 975 sensus
2538 908 2984 994 indagandus,
3084 910 3353 992 Vrsinus
3415 909 3613 998 legit:
3668 909 3797 976 Ge..

975 1011 1323 1094 Tropaeum
1354 1007 1520 1070 inter
1565 1004 1785 1070 lituum
1831 1013 1892 1067 et
1923 1023 2193 1068 urceum.
2278 1011 2425 1072 nius
2455 1004 2785 1071 Tutaetaris
2798 1010 3090 1092 Aegypti.

3189 1010 3444 1071 Verum
3477 1008 3643 1093 quid
3657 1006 3796 1073 Sci-

681 1099 982 1175 CRASS.
1023 1105 1204 1168 IVN.
1234 1098 1432 1166 LEG.
1472 1101 1792 1164 PROPR.
1844 1099 2195 1185 Caputmu·
2278 1104 2471 1189 pioni
2500 1122 2653 1167 cum
2696 1102 2895 1188 genio
2930 1102 3250 1189 Aegypti,
3303 1125 3479 1188 quae
3510 1116 3654 1167 tum
3677 1105 3798 1168 ad·

678 1203 865 1270 uebre
912 1203 1214 1267 turritum
1232 1247 1252 1278 ,
1302 1197 1440 1263 hinc
1455 1198 1633 1284 spica
1651 1246 1672 1281 ,
1719 1195 1878 1262 iuim-
1935 1193 2191 1262 caduce-

675 1323 756 1367 ω·
777 1348 796 1379 ,
829 1301 1034 1385 supra
1056 1295 1208 1384 quid
1236 1297 1427 1383 ivfiar
1458 1292 1709 1358 {imolae
1725 1339 1745 1372 ,
1794 1292 1973 1378 infra
2030 1314 2195 1380 pro-

675 1417 759 1464 ra
786 1398 991 1462 navis.
1092 1393 1238 1455 AR.
1279 1394 1369 1458 R.
1589 1469 1596 1473 ἢ

784 1493 975 1574 Quos
1012 1486 1358 1576 descripsi,
1406 1485 1672 1549 denarii
1717 1493 1990 1572 praeter
2046 1483 2196 1549 Sci-

681 1591 962 1677 pionem
993 1588 1130 1668 ejus
1177 1585 1388 1647 etiam
1431 1572 1714 1668 legatos·
1739 1592 2128 1646 memorant
2172 1628 2193 1660 ,

678 1686 794 1749 sed
824 1702 1060 1747 eorum
1097 1691 1495 1767 argumenta
1523 1678 1614 1742 ad
1646 1679 1863 1763 ipsum
1895 1677 2040 1741 fere
2055 1676 2196 1740 Sci·

679 1782 958 1867 pionem
990 1789 1251 1842 tantum
1289 1777 1627 1862 pertinent
1652 1820 1672 1852 ,
1724 1774 1889 1839 licet
1945 1774 2196 1837 horum

680 1873 1009 1956 nonnulla
1040 1873 1384 1937 hariolum
1415 1870 1690 1935 omnino
1730 1869 2099 1956 requirant.

669 2043 680 2054 .
780 1969 1005 2057 Caput
1042 1968 1389 2055 elephanti
1422 1969 1600 2030 rictu
1653 1979 1904 2031 tectum
1957 1976 2198 2032 notum

683 2066 775 2134 est
811 2064 1079 2130 Africae
1113 2064 1530 2149 symbolum,
1582 2076 1887 2128 aratrum
1950 2074 2019 2125 et
2070 2060 2198 2147 spi·

696 2184 781 2228 ca
815 2162 1111 2248 regionis
1142 2160 1520 2242 ubertatem
1563 2158 1923 2245 designant.
1988 2158 2200 2243 Egre-

691 2262 798 2347 gie
830 2259 964 2322 huc
986 2258 1218 2326 valent
1238 2303 1257 2334 ,
1306 2269 1380 2319 ut
1404 2260 1548 2339 jam
1576 2257 1874 2322 advertit
1900 2253 2195 2335 Vrsinus,

688 2356 915 2420 versus
950 2352 1354 2419 Claudianiz
1401 2349 1472 2432 ¹¹)

787 2549 953 2615 Tum
964 2546 1161 2634 spicis
1199 2555 1258 2612 et
1275 2544 1451 2612 dente
1488 2565 1696 2611 comas
1718 2545 1976 2633 infigm's
2009 2541 2199 2610 ebur-

1882 2662 1965 2707 no
1983 2687 2003 2719 ,

669 2796 678 2803 ,
778 2745 885 2815 ‚Et
919 2739 1126 2807 calido'
1150 2739 1498 2809 rubicunda
1523 2739 1620 2806 die
1624 2739 1714 2828 fic
1726 2739 1963 2827 Africa
1984 2736 2203 2824 fatur.

697 2933 1003 3009 Similem
1037 2943 1319 3016 typum,
1394 2949 1529 3017 quo
1581 2942 1857 2994 notatur
1922 2927 2204 3007 Africa,

698 3032 861 3095 vide
921 3030 994 3090 in
1040 3029 1264 3089 numis
1318 3027 1762 3112 Agathoclis„
1827 3024 2209 3105 Hadriani,

701 3123 1070 3199 Antonini,
1139 3119 1416 3200 Severi,
1480 3121 1709 3185 Clodii
1788 3122 2053 3196 Macri,
2141 3132 2213 3184 et

689 3223 901 3304 hujus
935 3216 1205 3281 formae
1240 3213 1449 3281 fuerit
1480 3230 1725 3302 caput,
1778 3219 1963 3301 quod
1996 3219 2071 3281 P.
2094 3216 2210 3281 vi-

707 3330 857 3381 ctor
891 3324 1228 3378 memorat
1261 3315 1334 3378 in
1376 3312 1464 3377 11.
1506 3314 1778 3400 regione
1815 3313 2038 3377 urbis:
2091 3313 2212 3379 Ca⁴

553 3466 558 3473 .
696 3422 817 3498 put
853 3407 1210 3496 Aphricae,
1263 3422 1330 3475 et
1365 3431 1412 3474 a
1448 3429 1583 3495 quo
1623 3410 1809 3473 haud
1844 3409 2048 3474 dubie
2084 3428 2216 3472 no-

697 3529 858 3574 men
889 3506 1009 3571 fibi
1043 3502 1368 3592 sumpsere
1383 3503 1943 3570 PAEDAGOGI.
1963 3509 2046 3570 A.
2068 3504 2215 3569 CA-

702 3602 941 3671 PITE.
986 3600 1416 3686 AFRICAE‚
1469 3621 1642 3686 quos
1672 3613 2010 3667 memorat
2036 3621 2214 3665 mar·

707 3720 862 3765 mor
903 3692 1478 3786 apud'Sponium.
1503 3688 1568 3782 1’)
1621 3699 1729 3762 De
1756 3697 2014 3777 aversa,
2037 3718 2214 3784 quae

706 3797 940 3862 saltem
985 3806 1217 3879 aperte
1252 3796 1344 3859 ad
1384 3795 1772 3880 Scipionem
1820 3814 1958 3859 non
2012 3797 2216 3881 perti·

705 3905 867 3970 net,
920 3902 1157 3977 agetur
1206 3893 1278 3954 in
1308 3888 1501 3976 g'ente
1538 3892 1783 3979 Eppia.

807 3987 1311 4072 Argumentain
1345 3987 1566 4051 numia
1597 3987 1900 4072 reliquia,
1952 3987 2072 4073 qui
2106 4005 2221 4050 au·

2281 1198 2414 1264 huc
2446 1198 2744 1285 propriis
2774 1198 3044 1282 regibus
3070 1200 3345 1284 paruit?
3394 1199 3639 1263 Tutius
3692 1219 3805 1262 er-

2281 1314 2370 1382 go
2409 1294 2768 1359 secundum
2801 1294 3248 1359 Vaillantium
3278 1295 3591 1379 aliosque
3616 1296 3793 1381 lege·
3836 1313 3843 1320 ·

2281 1404 2392 1455 tur
2426 1390 2704 1477 Africae.
2853 1389 3301 1455 Simulacrum
3358 1391 3545 1455 numi
3630 1392 3856 1455 anti·‘

2285 1489 2507 1573 quarii
2588 1507 2827 1551 omnes
2872 1487 3107 1550 dixere
3153 1487 3412 1552 Isidem.
3562 1487 3803 1551 Facile

2280 1584 2659 1669 ignoverint
2706 1582 2940 1648 Vrlino
2981 1581 3067 1648 fic
3099 1583 3412 1667 censenti,
3462 1603 3622 1648 nam
3644 1602 3800 1646 cum

2282 1679 2552 1743 literam
2588 1687 2648 1744 A
2690 1678 2816 1742 ess'e
2853 1672 3194 1765 ἀρχαιεσαν
3248 1682 3546 1765 Aegypti
3603 1692 3799 1765 puta-

2281 1787 2423 1854 ret,
2474 1772 2683 1839 facile
2722 1776 2794 1837 in
2851 1777 3211 1860 peregrino
3278 1775 3414 1840 hoc
3461 1777 3646 1840 cultu
3691 1775 3803 1838 Isi-

2284 1872 2442 1935 dem
2480 1872 2694 1950 vidit,
2748 1891 2924 1954 quae
2959 1869 3093 1934 fuit
3126 1872 3620 1957 Aegyptiorum
3682 1891 3803 1935 nu-

2285 1988 2460 2034 men.
2560 1972 2651 2032 At
2677 1968 2889 2031 miror
2934 1966 3383 2036 Vaillantium
3432 1981 3501 2031 et
3540 1968 3804 2036 Havet-

2275 2083 2604 2150 'campum
2628 2111 2648 2142 ,
2703 2064 2818 2147 qui
2860 2083 3015 2128 cum
3063 2064 3133 2126 in
3181 2065 3324 2148 ejus
3366 2063 3608 2128 literae
3676 2086 3809 2129 ex-

2284 2159 2546 2246 plicatu
2577 2158 2668 2224 ab
2709 2161 2945 2224 Vrsino
2966 2156 3418 2246 discederent,
3471 2155 3805 2226 Africam-

2287 2275 2417 2342 que
2463 2276 2548 2320 ea
2580 2255 2870 2342 intelligi
2895 2256 3275 2335 statuerent,
3328 2259 3401 2319 in
3437 2256 3809 2322 adserenda

2283 2365 2522 2416 tamen
2567 2350 2735 2415 Iside
2770 2353 3227 2438 conspirarent
3251 2404 3271 2436 ,
3324 2373 3531 2437 quam
3573 2366 3810 2420 tamen

2286 2446 2482 2512 fuiffe
2517 2448 2995 2533 inter'Libyae
3037 2463 3107 2513 et
3150 2448 3429 2514 Africae
3468 2452 3809 2536 'propriae

2290 2545 2574 2609 numina
2632 2558 3017 2631 receptam,
3085 2544 3171 2610 sic
3222 2558 3297 2609 ut
3376 2549 3515 2628 ejus
3570 2549 3808 2633 genius

2293 2633 2601 2705 tutelaris
2639 2640 2775 2704 dici
2806 2641 3152 2726 potuiss'et,
3202 2642 3390 2708 nullo
3421 2662 3812 2707 monumen-

2294 2750 2369 2804 to
2413 2739 2880 2824 probaverint.
2991 2739 3252 2802 Tuetur
3320 2740 3598 2823 quidem
3671 2740 3813 2804 sen·

2297 2837 2580 2898 tentiam
2617 2834 2801 2897 suam
2838 2834 3355 2921 Havercampus
3397 2835 3590 2900 simili
3618 2830 3837 2926 Iside,

2300 2950 2511 3014 quam
2550 2930 2648 2994 ait
2679 2927 2936 2994 exstare
2982 2931 3052 2993 in
3111 2932 3389 2996 Tabula
3442 2930 3687 3008 Iliaca3
3739 2948 3817 2998 at

2300 3026 2372 3090 in
2406 3026 2647 3088 eadem
2669 3020 2863 3106 juxta
2892 3027 3293 3091 adcuratam
3331 3030 3600 3092 comitis
3637 3029 3818 3114 Cay-

2302 3120 2409 3184 lus
2449 3121 2828 3207 picturam,
2881 3143 3087 3206 quam
3115 3118 3353 3189 Tomo'
3384 3125 3501 3189 VI.
3558 3145 3819 3211 propo·-

2306 3215 2467 3300 suit‚
2548 3228 2758 3303 caput
2816 3220 3132 3291 caninum
3188 3240 3317 3306 pro
3377 3222 3649 3284 leonino
3705 3220 3821 3292 est.

2309 3313 2562 3376 Verum
2599 3324 2676 3375 ut
2710 3311 2912 3378 facile
2954 3316 3045 3378 est
3100 3315 3462 3380 deturbare
3537 3316 3773 3381 Isidem
3793 3308 3831 3400 ,’

2308 3409 2413 3473 ita
2438 3405 2720 3486 difficile
2756 3428 2993 3476 verum
3030 3400 3117 3497 'ei
3156 3433 3402 3477 nomen
3446 3413 3824 3500 imponere.

2310 3498 2490 3569 Istud
2523 3518 2822 3585 certum,
2872 3507 2998 3572 ess'e
3041 3528 3323 3588 numen,
3376 3512 3557 3594 quod
3618 3531 3824 3596 pecu-

2308 3602 2468 3667 liari
2495 3603 2706 3666 modo
2737 3602 2802 3669 ei
2838 3607 3082 3670 tractui
3140 3605 3436 3691 praeesse
3492 3609 3833 3673 creditum

2310 3697 2426 3764 est.
2522 3699 2860 3783 Reperio,
2898 3699 3090 3763 fuiss'e
3120 3703 3307 3787 apud
3337 3700 3826 3788 Carthaginem

2315 3792 2738 3861 simulacrum
2772 3814 2817 3858 a
2866 3795 3138 3860 Didone
3199 3798 3300 3861 ibi
3369 3798 3877 3884 collocatum,'

2317 3888 2505 3972 quod
2535 3886 2790 3972 Libyes
2826 3894 3193 3971 Vraniam,
3245 3893 3367 3959 alii
3406 3894 3603 3979 aliter
3630 3897 3842 3975 dixe-⁸

2320 4004 2436 4064 re,
2488 3995 2556 4048 et
2583 4004 2759 4070 quae
2800 3989 3043 4052 eadem
3088 4008 3244 4054 cum
3303 3991 3468 4054 luna
3532 3992 3835 4073 habita,

720 4097 975 4149 ctorem
1021 4079 1276 4145 habent
1325 4081 1623 4159 Crassum
1677 4080 2074 4163 Iunianum,
2148 4083 2269 4181 de⁰
2318 4081 2408 4144 de
2448 4101 2584 4165 qua
2620 4081 2820 4168 plura
2868 4085 3554 4151 commemorabimus
3586 4090 3656 4153 in
3706 4109 3837 4153 nu-

658 4192 662 4196 ’
719 4200 853 4266 quo
885 4178 1230 4264 agetur-in
1277 4180 1471 4263 gente
1508 4178 1811 4258 Licinia,
1861 4180 2009 4243 sunt
2033 4201 2054 4242 ε

2321 4178 2450 4242 mis
2494 4177 2726 4241 Severi
2766 4179 3273 4245 et'Caracallae
3323 4184 3417 4246 ad
3452 4204 3700 4248 annum
3738 4185 3843 4255 V.

815 4276 1067 4340 Mulier
1103 4276 1290 4338 numi
1310 4274 1395 4337 11.
1434 4293 1518 4339 eo
1555 4272 1646 4338 est
1683 4274 1904 4359 cultu,
1957 4274 2229 4358 qualem
2324 4271 2400 4337 C.
2440 4270 2633 4356 ‘956,
2682 4275 2752 4361 in
2786 4275 3029 4361 quibus
3075 4279 3318 4341 eadem
3377 4280 3509 4343 dea
3577 4299 3845 4368 propo·

721 4370 1046 4457 descripsi.

1146 4369 1337 4432 Nihil
1368 4370 1691 4433 hactenus
1711 4369 2071 4459 probabile
2111 4371 2229 4433 ad·

723 4469 937 4532 latum
983 4463 1107 4551 est,
1159 4486 1296 4552 quo
1339 4486 1423 4530 ea
1453 4466 1529 4529 fit
1565 4468 1836 4531 nomine
1883 4464 2229 4551 appellan-

2315 4371 2498 4434 nitur
2548 4372 2744 4434 leone
2790 4385 3017 4437 vecta.
3116 4372 3322 4452 Sunt,
3389 4394 3564 4458 quae
3625 4374 3851 4443 fidem

2318 4463 2621 4557 faciant,
2654 4464 2914 4567 denarii
2946 4468 3141 4553 hujus
3180 4468 3458 4554 sigillum
3491 4473 3616 4536 ess'e
3657 4473 3857 4542 hanc

714 4600 3877 4636 *Μ

795 4678 855 4747 a)
895 4675 967 4730 de
1003 4676 1243 4731 Laudib.
1280 4675 1449 4731 stilic.
1484 4675 1548 4728 L.
1586 4674 1665 4736 11,
1704 4694 1755 4727 v.
1794 4678 1911 4745 956.

2029 4665 2037 4673 ’
2103 4675 2163 4746 b)
2202 4676 2354 4732 Misc.
2391 4654 2448 4751 1²⁸·
2488 4695 2606 4746 2²7·

2354 4792 2361 4801 .
2560 4734 2599 4803 Ι
