4175 5450
815 442 981 571 276·
1050 532 1059 545 .

815 694 1166 770 optatum,
1221 682 1609 770 dictumque
1651 684 1827 749 adeo·
1873 679 1953 749 C.
1986 684 2329 749 Plautium

811 779 1204 865 Hypsaeum
1239 777 1642 846 Decianum.
1770 785 1859 844 At
1925 780 2204 865 Pighius
2260 781 2327 843 in

810 876 1007 958 hujus
1051 874 1313 938 denarii
1339 873 1409 937 C.
1438 875 1758 958 Hypsaeo
1779 891 1916 939 non
1938 878 2105 957 ejuS,
2130 896 2330 958 quem

818 971 1152 1046 diximuS,
1219 970 1379 1032 anni
1453 968 1787 1031 consulem
1830 970 1928 1057 .C·
1989 969 2335 1034 Plautium

811 1066 1099 1129 indicari
1135 1074 1372 1149 putat,
1419 1062 1534 1128 sed
1572 1062 1648 1126 C.
1700 1064 2039 1129 Plautium
2107 1067 2334 1133 conlu-

811 1161 946 1224 lem
989 1158 1149 1224 anni
1188 1161 1272 1221 V.
1311 1155 1385 1218 C.
1421 1170 1602 1240 413,
1675 1160 1784 1245 cpi
1855 1182 1941 1225 ex
2011 1160 2164 1245 ipsis
2227 1160 2355 1223 his·

812 1242 1110 1320 denariis
1160 1252 1353 1316 fuin‘e
1388 1271 1762 1338 cognomen
1794 1256 2095 1340 Hypsaei
2131 1255 2333 1336 conii·

807 1351 981 1434 Jicit.
1081 1347 1450 1410 Enimvero
1491 1348 1592 1411 bis
1631 1370 1676 1413 a
1714 1352 2014 1432 quodam
2038 1348 2333 1413 C.Plau-

815 1447 915 1508 tio
958 1443 1225 1509 consule
1265 1444 1452 1506 intra
1493 1464 1706 1508 annos
1753 1446 1902 1510 ΧΠ.
1936 1448 2335 1509 Privernum

691 1541 697 1547 ’
809 1554 1088 1623 captum
1171 1537 1384 1601 refert
1472 1540 1708 1605 Livius
1747 1583 1778 1619 γ
1852 1560 2026 1604 anno
2110 1543 2189 1601 V.
2256 1538 2333 1606 C.

813 1648 998 1729 413,
1052 1632 1115 1717 ⁸)
1170 1648 1235 1698 et
1272 1637 1355 1698 V.
1397 1634 1474 1700 C.
1515 1649 1682 1718 425.
1732 1627 1796 1719 b)
1848 1637 1985 1699 Rea
2021 1637 2328 1699 obscura.

809 1730 1177 1796 Crederem
1219 1729 1473 1818 lectum
1516 1732 1702 1795 Iovis
1736 1732 2195 1796 fulminatoris
2228 1743 2330 1813 ty-

741 1844 753 1848 ·
812 1849 974 1914 pum
1013 1845 1166 1891 cum
1207 1826 1550 1891 adlufione
1589 1829 1680 1891 ad
1731 1848 1978 1892 nomen
2024 1826 2332 1913 Hypsaei,

808 1945 1057 2009 nempe
1101 1924 1235 2011 qui'
1267 1914 1384 1987 ἀπο
1422 1945 1491 1988 τε
1529 1916 1687 2001 {rupee
1718 1971 1738 2000 ,
1783 1945 1862 1988 ex
1911 1914 2093 2000 altw,
2140 1934 2335 1985 tonat

813 2017 1271 2105 fulguratque‚
1323 2018 1440 2082 nisi
1476 2019 1654 2082 idem
1700 2033 1904 2104 typus
1946 2021 2017 2081 in
2054 2018 2333 2080 consuli-

814 2114 939 2178 bus
995 2115 1151 2179 ess'et
1200 2113 1664 2199 perfrequens,
1818 2114 2211 2177 Notandum
2265 2113 2334 2175 in

814 2205 1266 2295 praecedente
1320 2210 1602 2274 denario
1674 2209 1985 2296 scriptum
2048 2208 2334 2271 YPSAE

811 2324 940 2390 pro
988 2304 1359 2369 HYPSAE.
1386 2353 1406 2382 ,
1459 2303 1694 2369 omissa
1734 2305 2155 2369 Graecorum
2193 2322 2342 2373 mo·.

811 2420 886 2464 re
926 2402 1245 2486 aspirata.
1355 2399 1559 2484 Cujus
1617 2400 1701 2465 fit.
1722 2414 1928 2487 caput
1964 2401 2149 2463 numi
2189 2398 2333 2483 pri-

815 2497 1003 2573 oriS,
1066 2499 1389 2585 decid‘ere·
1445 2517 1725 2583 vereor,
1806 2494 1987 2559 forte
2050 2495 2335 2558 Veneris

805 2587 1116 2657 marinae
1161 2606 1439 2679 propter
1504 2593 1840 2674 adjectum
1894 2590 2334 2674 delphinum;

702 2712 749 2749 ι
808 2709 1027 2774 neque
1052 2693 1260 2754 etiam
1304 2702 1492 2755 certa
1528 2690 1704 2752 ratio
1744 2686 1987 2773 capitis
2011 2684 2334 2769 Neptuni,

701 2812 711 2819 -
814 2797 881 2848 et
933 2788 1049 2870 qui
1096 2787 1294 2871 saepe
1337 2805 1459 2871 per
1501 2783 1776 2849 aversae
1828 2801 2059 2844 aream
2120 2781 2335 2865 repit,

820 2880 1087 2965 scorpii.
1189 2883 1516 2945 Aversam
1558 2879 1821 2941 denarii
1875 2875 2150 2939 alterius
2199 2879 2335 2955 jam

821 2974 1317 3060 explicavimus
1358 2978 1427 3037 in
1471 2974 1688 3035 numia
1738 2972 2009 3034 Aemilii
2051 2970 2336 3051 Scauri,

819 3088 956 3154 quo
1004 3069 1159 3130 loco
1204 3081 1274 3130 et
1307 3065 1664 3136 verisimile
1702 3066 1999 3153 diximus
2027 3110 2046 3141 ,
2099 3065 2172 3125 P.
2197 3064 2337 3146 Hy-

818 3163 1005 3251 psaei
1055 3161 1418 3243 nostrimet
1471 3164 1570 3225 M.
1624 3160 1859 3227 Scauri
1915 3158 2336 3224 aedilitatem

822 3260 1122 3324 incidere
1166 3261 1233 3323 in
1264 3257 1513 3331 anhum
1555 3261 1638 3334 V.
1662 3254 1742 3339 C,
1781 3258 1941 3338 696.
2041 3255 2338 3336 Vterque

825 3358 911 3428 V,
952 3352 1026 3418 C.
1077 3374 1212 3435 702
1256 3355 1588 3440 Pompeio
1627 3350 1754 3414 fine
1781 3351 2071 3434 ‚conlega
2102 3348 2338 3411 consu..

819 3449 881 3513 le
933 3465 1214 3540 propter
1261 3450 1630 3534 ambitum,
1670 3460 1748 3531 ,et
1782 3448 1923 3513 vim
1978 3445 2338 3509 damnatus

823 3546 934 3609 est.
989 3545 1047 3628 ⁰)

1734 3693 1772 3726 ἢ

711 3733 722 3742 ’
824 3735 1113 3806 Planus.
1662 3806 1669 3815 ,
1706 3769 1728 3781 ·

815 3828 826 3839 '
1113 3834 1194 3897 L.
1223 3832 1696 3898 PLAVTIVS.
1723 3833 1992 3920 Persona
2010 3830 2339 3903 „muliebris

1111 3935 1375 3994 intextis·
1416 3930 1703 4014 c‘apillitio
1723 3928 2117 4015 serpentibus
2133 3976 2152 4008 ‚
2229 3926 2337 4013 qui

1110 4029 1180 4089 in
1218 4024 1521 4090 nonnullis
1559 4024 1798 4106 absunt.

814 4119 1253 4188 PLANCVS.
1308 4121 1579 4208 Aurpra
1617 4122 1796 4185 alata
1830 4129 2101 4206 quatuor
2138 4136 2335 4204 equos

801 4223 1062 4309 junctos
1094 4217 1342 4282 ducens.
1447 4219 1595 4279 AR.
1635 4214 1708 4278 C.

2037 427 2665 563 PLAVTIA.

2510 684 2735 748 L‘ubet
2769 684 2963 767 hujus
3009 689 3383 773 argumenti
3418 685 3754 754 hactenus
3789 692 3925 756 nori

2414 781 2542 843 rite
2572 780 2895 844 intellecti
2926 783 3475 867 explicationem,
3528 804 3737 868 quam
3761 789 3927 852 olim

2413 876 2775 952 dederam,
2829 868 2895 957 ὅ)
2949 877 3080 941 huc
3111 879 3495 943 transferre.
3619 882 3921 945 Vaissan·

2416 972 2550 1034 tius
2590 970 2843 1035 faciem
2878 975 3091 1057 partis
3134 974 3456 1038 adversae
3489 988 3701 1060 caput
3740 976 3916 1039 Solis

2417 1063 2686 1149 plenum
2724 1066 2913 1150 dicit,
2964 1081 3031 1129 et
3074 1082 3539 1155 argumentum
3576 1070 3924 1136 solito-suo

2417 1178 2609 1222 more
2640 1161 2730 1223 ad
2766 1160 2965 1227 ludos
2993 1164 3424 1249 Apollinares
3449 1162 3675 1228 refert.
3729 1168 3920 1229 Idem

2415 1255 2610 1317 sentit
2642 1256 3162 1343 Havercampus
3199 1260 3437 1323 addito
3472 1259 3691 1323 altero
3741 1282 3921 1324 erro·

2412 1369 2488 1412 re
2516 1398 2536 1427 ,
2585 1370 2863 1414 numum
2911 1353 3194 1437 potuisse
3230 1354 3299 1417 in
3354 1352 3630 1419 Oriente
3662 1356 3923 1441 signari,

2415 1449 2686 1512 Aurora
2719 1466 2873 1511 eam
2916 1448 3104 1511 orbis
3149 1449 3430 1534 ‘partem
3512 1449 3922 1534 designante.

2417 1547 2506 1603 At
2552 1561 2718 1604 vero
2770 1544 3029 1606 denarii
3100 1545 3298 1626 hujus
3356 1557 3560 1630 typos
3629 1547 3927 1609 dilucide

2413 1636 2713 1721 explicat
2755 1638 3068 1702 Ovidius,
3123 1631 3188 1727 θ)
3265 1640 3560 1716 Narrat,
3609 1639 3930 1704 tibicines

2413 1732 2676 1795 Romae
2697 1752 2741 1795 a
2764 1733 3107 1797 censorum
3123 1734 3341 1797 altero
3392 1735 3696 1821 (Appius
3728 1734 3927 1800 Clau·

2412 1827 2563 1889 dius
2596 1828 2655 1890 is
2692 1827 2871 1913 erat)
2924 1830 3224 1893 irritatos
3254 1828 3487 1892 urbem
3523 1830 3742 1893 exilio
3787 1851 3929 1894 mu·

2410 1921 2615 1998 taire,
2669 1935 2737 1984 et
2764 1923 2982 1987 Tibur
3016 1925 3365 1987 recessisse.
3465 1933 3556 1988 At
3596 1945 3771 1989 mox
3790 1928 3931 1989 Ro·

2414 2036 2654 2080 manos
2701 2017 3168 2107 profugorum*
3209 2007 3605 2083 desideriam
3670 2023 3933 2102 tenuit,

2415 2113 2597 2196 quod
2640 2112 2723 2175 iis
2777 2112 3158 2177 absentibus
3194 2128 3262 2178 et
3296 2114 3490 2180 scena
3513 2161 3534 2192 ,
3587 2127 3657 2177 et
3686 2115 3935 2179 sacrifi·

2414 2208 2564 2281 cia,
2614 2220 2680 2270 et
2726 2208 3073 2292 supremae
3136 2210 3419 2273 naeniae
3508 2212 3934 2282 conticuere.

2418 2303 2495 2365 Id
2533 2322 2738 2387 aegre
2778 2301 3001 2366 ferens
3046 2303 3123 2366 C.
3162 2306 3465 2367 Plautius
3524 2306 3594 2367 in
3647 2306 3934 2367 censura

2422 2396 2708 2480 conlega
2760 2395 2896 2458 astu
2977 2418 3121 2460 rem
3174 2400 3539 2483 aggressu8‚
3616 2399 3943 2462 homines

2416 2505 2616 2557 noctu
2676 2492 2836 2554 vino
2880 2494 3195 2558 madidos
3241 2492 3546 2578 plaustris
3575 2494 3946 2579 impositos

2415 2606 2618 2652 mane
2653 2586 2768 2648 sub
2814 2592 3115 2651 Aurorae
3156 2600 3420 2673 tempus
3466 2590 3774 2653 Romam
3817 2592 3885 2653 T
3888 2593 3937 2651 i-

2416 2684 2581 2748 bure
2624 2681 2909 2764 devehi,
2964 2694 3029 2745 et
3071 2701 3155 2744 ne
3196 2704 3240 2746 a
3272 2678 3666 2769 magistratu
3719 2705 3943 2770 agno·

2414 2779 2786 2852 scerentur,
2840 2797 3073 2840 eorum
3118 2778 3342 2841 vultus
3417 2780 3722 2862 personis
3805 2781 3948 2866 tegi
4028 2807 4034 2810 ·

2408 2874 2615 2956 jussit.
2718 2870 3045 2936 Restituta
3076 2893 3252 2958 pax,
3307 2887 3373 2937 et
3440 2876 3507 2936 in
3558 2873 3739 2937 facti
3808 2896 3945 2938 me·

2418 2971 2705 3032 moriam
2762 2966 3205 3051 quinquatrus
3278 2967 3688 3049 minusculae
3758 2969 3948 3032 insti·

2416 3076 2646 3138 tutae,
2702 3061 2943 3144 quibus
3018 3063 3407 3146 permissum·
3494 3063 3960 3140 affininibus,

2415 3160 2624 3244 vestitu
2642 3202 2662 3235 ,
2714 3176 2829 3242 quo
2865 3157 3096 3234 vellent,
3139 3157 3509 3243 personatis,
3563 3156 3961 3229 temulentis·

2415 3274 2533 3340 que
2606 3251 2819 3318 urbem
2902 3256 3289 3337 pervagari,
3342 3265 3416 3316 ut
3461 3255 3560 3315 ait
3631 3248 3966 3318 Censori·

2420 3370 2566 3417 uua.
2618 3337 2673 3429 f)
2727 3348 3006 3410 Omissis
3037 3345 3316 3432 reliquis
3356 3368 3475 3411 eos
3513 3349 3783 3428 versus,
3845 3352 3966 3435 qui

2420 3445 2785 3530 praecipue
2826 3441 2958 3506 huc
2994 3441 3292 3521 faciunt,
3345 3444 3729 3507 exscribam
3738 3467 3773 3539 3

2494 3639 2775 3721 Jamque
2809 3653 2942 3718 per.
2970 3633 3291 3721 Esquilias
3324 3634 3677 3699 Romanam
3713 3634 3957 3701 intra·

3286 3735 3463 3793 vei-at
3481 3730 3707 3794 urbem
3729 3780 3748 3807 ,

2597 3831 2703 3913 ,Et
2746 3827 3033 3893 MANE
3077 3831 3144 3890 iu
3188 3824 3379 3889 medio
3419 3813 3710 3910 plaustra
3767 3831 3986 3913 suere

3554 3921 3752 4004 foro,

2511 4016 2699 4083 PLA
2709 4017 2777 4084 V
2781 4020 2881 4083 TI
2885 4017 3024 4094 VS,
3076 4027 3150 4082 ut
3174 4013 3403 4106 poffent
3418 4017 3618 4102 speeie
3650 4037 3982 4088 nuwe-

3313 4129 3424 4196 que
3442 4110 3754 4196 finarum

2605 4206 2840 4274 Faum
2865 4253 2884 4282 ‚
2927 4207 3207 4293 personis
3243 4208 3509 4296 isuper-at
3566 4228 3700 4270 ora
3750 4214 3948 4295 tegi.

816 4366 3967 4407 m

1616 4451 1678 4511 b)
1712 4452 1777 4510 L,
1815 4452 1977 4510 vm,
2015 4469 2060 4502 c.
2101 4465 2184 4500 πο.
2240 4469 2260 4488 ·

864 4460 948 4519 ‚a›
986 4458 1051 4510 L.
1091 4458 1249 4509 vm.
1286 4475 1331 4508 c.
1376 4434 1434 4506 ιζ

1545 4519 1605 4585 d)
1642 4519 1810 4572 Numi
1845 4532 2051 4572 veteres
2086 4535 2216 4590 pag,
2260 4534 2338 4584 ¹3·

838 4528 1001 4588 Max.
1030 4527 1094 4580 L.
1130 4528 1234 4581 lx.
1272 4541 1316 4578 e.
1348 4542 1404 4594 5.

2569 4512 2708 4565 Fast.
2734 4512 2844 4566 VI.
2886 4515 3005 4580 ⁶5¹·
3073 4556 3081 4563 .
3175 4508 3220 4574 s)
3252 4508 3321 4562 de
3358 4504 3449 4560 die
3487 4510 3673 4561 natali
3716 4530 3775 4573 c.
3822 4517 3957 4567 ΧΠ
3993 4553 4010 4564 .

2359 4448 2405 4509 c)
2444 4448 2691 4578 'Appium
2728 4445 2794 4495 B.
2829 4445 2896 4502 C.
2933 4443 3001 4498 L.
3040 4444 3117 4503 11.
3189 4441 3302 4492 Dio
3337 4439 3564 4494 thl..
3607 4443 3653 4511 §·
3679 4461 3790 4511 53,
3840 4448 3946 4497 va
3969 4449 4006 4497 ι.

2479 4531 2510 4565 e
