4175 5450
18 4470 38 4517 ἦν.
15 4369 37 4416 *ὃ
19 4270 34 4313 *¹*
15 4151 33 4214 fl*
15 4071 27 4116 “⁸
15 3972 31 4016 ’Ἀ
15 3891 25 3918 '''

322 2936 639 3126 sscrff‘giei
656 3036 925 3125 serpens
974 3052 1114 3102 ovo
1156 3034 1498 3126 implexus
1534 3033 1630 3105 fit.
1730 3034 1866 3098 Va-

1446 603 1895 685 EPRIA.

2001 604 2425 684 FABIA.
2499 687 2507 696 ,
2575 643 2586 654 -
3365 635 3503 702 ω,

352 808 963 897 *redintegrandum
1022 811 1508 895 Pompejorum
1575 809 1889 896 auspiciis
1971 810 2124 896 rias·
2153 811 2577 890 conjecturas
2618 808 3139 899 Havercampus
3182 813 3271 875 ad
3310 810 3490 878 hunc

361 903 616 969 bellum
642 953 678 984 ‚.
717 923 920 993 atque
958 908 1062 971 his
1103 909 1302 973 victis
1352 906 1713 974 adhaesisse
1769 908 1885 969 de-

360 1021 548 1065 mum
579 1002 754 1072 Sex.
794 1006 1169 1091 Pompeio,
1226 1006 1413 1088 ‘cujus
1446 1003 1576 1068 sese
1631 1000 1906 1108 LEGw,

344 1109 491 1164 tum
527 1102 597 1163 in
628 1122 857 1172 ,numo
899 1102 1278 1190 profitetur.

453 1196 627 1265 Pars
660 1200 948 1263 adversa
998 1200 1088 1263 ob
1121 1199 1437 1263 insertam
1476 1198 1624 1263 Iani
1669 1196 1880 1283 capiti

352 1310 554 1356 aram
605 1318 761 1363 cum
788 1296 1087 1383 serpente
1121 1297 1364 1382 digna,
1407 1297 1527 1361 cui
1575 1292 1883 1358 nonnihil

349 1391 819 1461 immoremur.
919 1395 1108 1458 Idem
1147 1394 1425 1458 omnino
1454 1404 1662 1477 typus
1696 1388 1784 1454 est
1807 1393 1878 1455 in

341 1493 588 1555 «aeneis
681 1489 1009 1555 similibus
1098 1491 1342 1554 Rubrii
1417 1489 1695 1553 Doss'eni
1719 1534 1739 1566 ,
1810 1500 1880 1553 et

353 1582 544 1650 haud
583 1588 790 1651 dubie
822 1587 1173 1672 utriusque
1206 1587 1393 1650 numi
1428 1587 1672 1650 eodem
1711 1595 1875 1649 tem-

354 1700 527 1767 pore
545 1685 691 1747 sunt
725 1684 980 1770 [ignati.
1081 1685 1406 1769 Serpente
1436 1682 1728 1746 indicari
1743 1686 1875 1759 Ae,-

349 1777 766 1866 sculapium,
822 1782 1148 1868 colligunt
1217 1780 1463 1844 eruditi
1512 1799 1598 1842 ex
1665 1799 1874 1844 numo

338 1874 493 1938 alio
532 1875 772 1940 Rubrii
819 1898 1037 1941 aeneo
1069 1897 1387 1963 quoque,
1455 1878 1525 1940 in
1570 1880 1755 1959 cujus
1798 1881 1897 1939 a—‘

340 1973 545 2038 versa
593 1973 823 2039 similis
870 1994 1035 2053 ara,
1086 1995 1345 2059 ovum,
1394 1974 1701 2060 serpenS,
1751 1972 1871 2038 ad·

340 2066 575 2134 *Rituta
612 2091 824 2155 prora
857 2073 1054 2136 navis
1077 2118 1095 2149 ‚
1151 2091 1287 2155 quo
1329 2084 1503 2157 typo
1550 2075 1740 2154 ajunt
1773 2069 1868 2133 in-

338 2166 571 2229 ·dicari
615 2167 1088 2254 Aesculapium
1136 2168 1455 2252 serpentis
1508 2167 1727 2252 specie
1779 2165 1871 2230 ab

350 2260 703 2346 Epidauro
740 2264 906 2326 navi
947 2265 1016 2325 in
1050 2261 1691 2336 urbemadvectum
1716 2312 1738 2345 ‚
1805 2274 1875 2324 et

347 2355 539 2421 fuiss'e
576 2356 756 2422 forte
793 2357 1094 2421 Rubriae
1134 2359 1350 2443 gentis
1406 2355 1705 2437 aliquem
1773 2358 1870 2419 in·

348 2465 455 2517 ter
485 2456 798 2540 legatos,
852 2455 970 2539 qui
1047 2454 1138 2517 ad
1192 2449 1694 2538 deportandum
1755 2471 1871 2514 nu—

345 2571 502 2614 men
550 2552 732 2617 missi
764 2550 980 2616 fuere.
1080 2547 1258 2613 Istud
1303 2548 1346 2612 fi
1382 2567 1658 2624 verum,
1707 2548 1873 2611 lice-

334 2646 448 2711 :bit
482 2650 668 2713 idem
742 2650 826 2713 de
874 2647 1101 2735 Eppio
1143 2666 1419 2733 quoque
1490 2645 1823 2726 conjicere
1850 2690 1872 2722 ,

330 2748 675 2833 quoniam
715 2747 1065 2829 utriusque
1112 2747 1302 2808 numi
1365 2744 1669 2830 ejusdem
1724 2739 1870 2807 fere

937 2839 1242 2927 Praestat
1273 2842 1535 2904 interea
1559 2838 1730 2903 nihil
1751 2838 1868 2903 ad·
1943 2840 2297 2926 xuxplura
2348 2860 2435 2905 ex
2494 2845 2994 2929 Aegyptiorum
3046 2845 3480 2932 :ny-tholegia

343 2844 491 2907 sunt
520 2845 834 2914 rationis.

742 2920 1226 3024 Inquirendum
1267 2939 1532 3016 etiam,
1587 2952 1708 3003 cur
1737 2940 1868 2999 Ae·

1969 926 2247 969 numum
2289 919 2823 984 commemorat,
2877 909 3122 991 quibus
3199 911 3485 978 recitan-

1968 1002 2074 1065 dis
2117 999 2418 1066 abstineo
2446 1049 2465 1081 ,
2518 1004 2844 1089 quoniam
2887 1002 3152 1091 longius
3209 1007 3488 1071 arcessi-

1964 1111 2079 1163 tae
2117 1100 2454 1162 videntur.
2558 1099 2871 1162 Occurrit
2893 1101 3025 1164 hoc
3060 1103 3245 1180 loco,
3299 1105 3485 1187 quod

1961 1193 2174 1259 refert
2203 1194 2543 1259 Lucianus
2566 1192 2680 1276 5⁸)
2732 1195 3311 1283 praestigiatorem
3326 1200 3484 1263 Ale-

1959 1293 2302 1357 xandrum
2344 1291 2938 1378 cumpersuadere
2972 1295 3480 1361 Abonotichitis

1959 1390 2171 1454 vellet
2196 1437 2216 1468 ‚
2266 1402 2502 1453 natum
2539 1390 2783 1453 iterum
2823 1391 3007 1477 apud
3053 1412 3171 1456 eos
3233 1394 3488 1458 Aescu·.

1958 1489 2222 1573 lapium
2249 1533 2268 1564 ,
2318 1489 2554 1552 recens
2588 1486 2842 1551 editum
2873 1487 3248 1574 serpentem
3278 1509 3477 1554 exca-

1957 1597 2127 1650 vato
2177 1583 2394 1646 multa
2429 1596 2577 1647 arte
2612 1603 2751 1648 ovo
2790 1586 3097 1649 anserino
3135 1585 3482 1666 inclusisse,

1960 1702 2253 1766 eumque
2289 1680 2445 1743 inde
2491 1694 2916 1766 protractum
2971 1682 3256 1747 adstanti
3320 1678 3479 1765 con·

1958 1777 2178 1843 fertae
2214 1778 2627 1842 multitudini
2688 1777 3070 1859 ostentasse,
3123 1799 3261 1865 quo
3334 1778 3478 1844 viso

1937 1875 2420 1941 adclamatum
2457 1899 2475 1940 z
2531 1877 2878 1939 enimvero
2909 1875 3015 1940 bis
3062 1889 3298 1942 natum
3345 1878 3476 1942 Ae-

1940 1972 2327 2058 sculapium
2356 2018 2376 2048 ,
2420 1972 2627 2058 idque
2655 1991 2798 2036 non
2830 1993 2918 2037 ex
2931 1971 3315 2051 Coronide,
3367 1993 3476 2036 ne·

1956 2090 2088 2155 que
2134 2089 2222 2132 ex
2252 2069 2564 2148 cornice,
2616 2069 2730 2132 sed
2778 2089 2865 2132 ex
2909 2069 3168 2133 ansere.
3268 2070 3479 2135 Vide-

1953 2178 2063 2232 tur
2098 2178 2295 2230 vetus
2347 2164 2585 2250 aliqua
2625 2164 2961 2250 nobisque
3042 2168 3478 2253 incomperta

1953 2260 2146 2326 fuiffe
2195 2260 2486 2340 fabula,
2537 2283 2713 2350 quae
2766 2264 3155 2351 Aesculapii
3205 2263 3475 2351 ‘serpen-

1954 2369 2095 2420 tem
2127 2404 2147 2433 ,
2201 2370 2320 2420 aut
2353 2356 2533 2422 forte
2565 2360 2777 2447 ipsum
2810 2361 3287 2448 Aesculapium
3328 2381 3474 2425 cor-

1955 2452 2127 2514 nicis
2178 2471 2315 2514 ovo
2358 2453 2684 2517 inclusum
2727 2457 3038 2519 docuerit
3072 2505 3092 2535 ,
3160 2478 3320 2521 nam
3387 2457 3480 2521 se·

1957 2567 2075 2612 cus
2113 2560 2233 2612 aut
2269 2548 2560 2614 Luciani
2599 2550 2861 2630 verba,
2912 2564 3031 2615 aut
3098 2552 3476 2616 Alexandri

1955 2642 2149 2708 fraus
2184 2645 2401 2710 minus
2447 2659 2606 2741 apte
2660 2647 3143 2735 cohaerebunt.
3258 2651 3476 2729 Vide,

1956 2763 2137 2829 quae
2172 2744 2256 2807 de
2300 2734 2636 2830 serpente,
2688 2750 2962 2832 ejusque
3007 2762 3160 2813 cum
3197 2766 3337 2812 ovo
3366 2768 3478 2813 ne·
3489 2804 3496 2811 .

1953 2937 2284 3024 congessit
2319 2929 2844 3024 c1.Schaw.¹’)

1620 3314 2179 3393 EPRIA.

444 3518 582 3583 Sub
637 3516 1047 3604 Vespaliano
1083 3519 1379 3606 primum
1408 3513 1655 3601 Eprius
1688 3513 1874 3577 Mar-

329 3616 556 3682 ·cellus
594 3626 1053 3697 memoratur,
1107 3618 1387 3698 ejusque
1433 3611 1692 3676 mentio
1725 3621 1873 3673 tan-

328 3734 550 3799 ·quam
584 3710 1001 3800 proconsulis
1050 3710 1128 3775 fit
1175 3710 1382 3773 etiam
1432 3711 1506 3775 in
1580 3720 1870 3772 autono-

325 3832 457 3878 .mo
499 3826 716 3878 aeneo
744 3855 774 3893 -,
826 3818 1113 3896 utroque
1146 3807 1446 3873 antehac
1487 3806 1724 3895 Cypro
1771 3806 1869 3869 in-

1955 3513 2140 3578 sulae
2184 3515 2443 3581 tributo
2466 3564 2486 3597 ‚
2538 3472 2650 3581 sed
2701 3537 2902 3603 quem
2959 3521 3194 3606 potius
3249 3519 3478 3584 vindi-

1955 3610 2251 3674 candum
2285 3611 2502 3696 Cyme
2546 3614 2855 3680 Aeolidis
2889 3662 2909 3692 ,
2959 3617 3030 3679 in
3081 3614 3277 3697 hujus
3345 3634 3490 3687 nu·-

1952 3707 2085 3771 mis
2120 3706 2459 3794 disputavi
2479 3757 2517 3791 ,.
2553 3731 2724 3797 quos
2772 3711 2953 3779 vide.

1598 4073 2174 4168 FABIA.

439 4254 976 4383 Genapatricia,
1030 4297 1192 4382 quin
1226 4291 1294 4360 et
1322 4292 1597 4372 divina,
1651 4293 1858 4357 ducta
1944 4291 2376 4384 Cognomina
2414 4292 2487 4357 in
2519 4291 2777 4356 numia:
2830 4290 3281 4387 Hispanienfis‚
3331 4298 3464 4366 La.

400 4703 474 4769 n)
514 4703 573 4757 in
608 4698 997 4764 Prendomant.

1174 4706 1249 4778 b)
1284 4703 1519 4778 voyage
1561 4706 1630 4761 T.
1654 4705 1745 4768 Ἠ.
1778 4722 1837 4779 p.
1878 4705 1997 4772 116,

324 4391 431 4456 ab
470 4394 799 4474 Hercule,
855 4393 898 4458 si
961 4392 1131 4459 fides
1221 4392 1390 4458 Silio
1472 4390 1744 4461 Italico.
1797 4388 1861 4474 ⁴²)
1943 4390 2051 4459 beo
2082 4442 2105 4475 ,
2157 4393 2493 4460 Maximus
2523 4438 2546 4472 ,
2599 4391 2840 4457 Pictor.

2173 4705 2236 4772 a)
2274 4703 2467 4769 Punic⁴
2500 4702 2569 4761 L.
2606 4701 2712 4763 Vt.
2745 4702 2884 4772 627..
