<?xml version="1.0" encoding="UTF-8"?>
<!DOCTYPE html PUBLIC "-//W3C//DTD XHTML 1.0 Transitional//EN"
    "http://www.w3.org/TR/xhtml1/DTD/xhtml1-transitional.dtd">
<html xmlns="http://www.w3.org/1999/xhtml" xml:lang="en" lang="en">
 <head>
  <title>
</title>
<meta http-equiv="Content-Type" content="text/html;charset=utf-8" />
  <meta name='ocr-system' content='tesseract 3.04.00' />
  <meta name='ocr-capabilities' content='ocr_page ocr_carea ocr_par ocr_line ocrx_word'/>
</head>
<body>
  <div class='ocr_page' id='page_1' title='image "./doctrinanumorum06unkngoog_0044.png"; bbox 0 0 4175 5450; ppageno 0'>
   <div class='ocr_carea' id='block_1_1' title="bbox 212 2591 616 2691">
    <p class='ocr_par' dir='ltr' id='par_1_1' title="bbox 212 2591 616 2691">
     <span class='ocr_line' id='line_1_1' title="bbox 212 2591 616 2691; baseline -0.003 -35"><span class='ocrx_word' id='word_1_1' title='bbox 212 2645 218 2650; x_wconf 91' lang='lat'>.</span> <span class='ocrx_word' id='word_1_2' title='bbox 298 2592 405 2656; x_wconf 81' lang='lat' dir='ltr'>mi</span> <span class='ocrx_word' id='word_1_3' title='bbox 449 2591 616 2691; x_wconf 84' lang='lat' dir='ltr'>ipsi,</span> 
     </span>
    </p>
   </div>
   <div class='ocr_carea' id='block_1_2' title="bbox 1207 592 2599 748">
    <p class='ocr_par' dir='ltr' id='par_1_2' title="bbox 1207 592 2599 748">
     <span class='ocr_line' id='line_1_2' title="bbox 1207 592 2599 748; baseline -0.006 -34"><span class='ocrx_word' id='word_1_4' title='bbox 1207 631 1556 714; x_wconf 75' lang='lat' dir='ltr'>Nvm</span> <span class='ocrx_word' id='word_1_5' title='bbox 1626 592 2599 748; x_wconf 53' lang='lat' dir='ltr'>scouvaasssss.</span> 
     </span>
    </p>
   </div>
   <div class='ocr_carea' id='block_1_3' title="bbox 320 845 1849 940">
    <p class='ocr_par' dir='ltr' id='par_1_3' title="bbox 320 845 1849 940">
     <span class='ocr_line' id='line_1_3' title="bbox 320 845 1849 940; baseline -0.012 -21"><span class='ocrx_word' id='word_1_6' title='bbox 320 849 618 919; x_wconf 84' lang='lat' dir='ltr'>habetur</span> <span class='ocrx_word' id='word_1_7' title='bbox 653 845 961 940; x_wconf 81' lang='lat' dir='ltr'>auctius,</span> <span class='ocrx_word' id='word_1_8' title='bbox 1014 858 1381 930; x_wconf 82' lang='lat' dir='ltr'>granorum</span> <span class='ocrx_word' id='word_1_9' title='bbox 1431 858 1562 925; x_wconf 82' lang='lat'>¹53</span> <span class='ocrx_word' id='word_1_10' title='bbox 1590 886 1611 920; x_wconf 91' lang='lat'>,</span> <span class='ocrx_word' id='word_1_11' title='bbox 1673 851 1849 926; x_wconf 86' lang='lat'>154,</span> 
     </span>
    </p>
   </div>
   <div class='ocr_carea' id='block_1_4' title="bbox 327 944 1853 1127">
    <p class='ocr_par' dir='ltr' id='par_1_4' title="bbox 327 944 1825 1127">
     <span class='ocr_line' id='line_1_4' title="bbox 327 944 797 1036; baseline -0.018 -24"><span class='ocrx_word' id='word_1_12' title='bbox 327 948 492 1036; x_wconf 90' lang='lat' dir='ltr'>quin</span> <span class='ocrx_word' id='word_1_13' title='bbox 527 958 596 1010; x_wconf 91' lang='lat' dir='ltr'>et</span> <span class='ocrx_word' id='word_1_14' title='bbox 644 944 797 1027; x_wconf 83' lang='lat'>156.</span> 
     </span>
     <span class='ocr_line' id='line_1_5' title="bbox 423 1034 1853 1127; baseline -0.006 -20"><span class='ocrx_word' id='word_1_15' title='bbox 423 1044 585 1107; x_wconf 88' lang='lat' dir='ltr'>Fuit</span> <span class='ocrx_word' id='word_1_16' title='bbox 620 1034 782 1127; x_wconf 79' lang='lat' dir='ltr'>ergo</span> <span class='ocrx_word' id='word_1_17' title='bbox 822 1050 971 1106; x_wconf 89' lang='lat' dir='ltr'>tum</span> <span class='ocrx_word' id='word_1_18' title='bbox 1015 1037 1197 1102; x_wconf 88' lang='lat' dir='ltr'>ratio</span> <span class='ocrx_word' id='word_1_19' title='bbox 1252 1035 1404 1103; x_wconf 88' lang='lat' dir='ltr'>auri</span> <span class='ocrx_word' id='word_1_20' title='bbox 1458 1034 1550 1099; x_wconf 84' lang='lat' dir='ltr'>ad</span> <span class='ocrx_word' id='word_1_21' title='bbox 1616 1051 1853 1124; x_wconf 82' lang='lat' dir='ltr'>argen-</span> 
     </span>
    </p>
   </div>
   <div class='ocr_carea' id='block_1_5' title="bbox 320 1126 1110 1225">
    <p class='ocr_par' dir='ltr' id='par_1_5' title="bbox 320 1126 1110 1225">
     <span class='ocr_line' id='line_1_6' title="bbox 320 1126 1110 1225; baseline -0.013 -17"><span class='ocrx_word' id='word_1_22' title='bbox 320 1155 510 1220; x_wconf 87' lang='lat' dir='ltr'>tum,</span> <span class='ocrx_word' id='word_1_23' title='bbox 558 1150 637 1203; x_wconf 91' lang='lat' dir='ltr'>ut</span> <span class='ocrx_word' id='word_1_24' title='bbox 689 1160 717 1201; x_wconf 86' lang='lat'>1</span> <span class='ocrx_word' id='word_1_25' title='bbox 763 1137 856 1202; x_wconf 85' lang='lat' dir='ltr'>ad</span> <span class='ocrx_word' id='word_1_26' title='bbox 904 1126 1110 1225; x_wconf 67' lang='grc' dir='ltr'>ιιξὲ.</span> 
     </span>
    </p>
   </div>
   <div class='ocr_carea' id='block_1_6' title="bbox 414 1323 1852 1419">
    <p class='ocr_par' dir='ltr' id='par_1_6' title="bbox 414 1323 1852 1419">
     <span class='ocr_line' id='line_1_7' title="bbox 414 1323 1852 1419; baseline -0.004 -20"><span class='ocrx_word' id='word_1_27' title='bbox 414 1328 675 1419; x_wconf 66' lang='lat' dir='ltr'>Epocha</span> <span class='ocrx_word' id='word_1_28' title='bbox 716 1333 876 1401; x_wconf 85' lang='lat' dir='ltr'>VII.</span> <span class='ocrx_word' id='word_1_29' title='bbox 913 1349 975 1401; x_wconf 59' lang='grc'>8,</span> <span class='ocrx_word' id='word_1_30' title='bbox 1005 1339 1226 1394; x_wconf 88' lang='lat' dir='ltr'>morte</span> <span class='ocrx_word' id='word_1_31' title='bbox 1257 1323 1534 1415; x_wconf 86' lang='lat' dir='ltr'>Augusti</span> <span class='ocrx_word' id='word_1_32' title='bbox 1588 1326 1683 1392; x_wconf 85' lang='lat' dir='ltr'>ad</span> <span class='ocrx_word' id='word_1_33' title='bbox 1739 1347 1852 1394; x_wconf 83' lang='lat' dir='ltr'>ex·</span> 
     </span>
    </p>
   </div>
   <div class='ocr_carea' id='block_1_7' title="bbox 313 1429 1848 1905">
    <p class='ocr_par' dir='ltr' id='par_1_7' title="bbox 317 1429 1570 1512">
     <span class='ocr_line' id='line_1_8' title="bbox 317 1429 1570 1512; baseline -0.009 -16"><span class='ocrx_word' id='word_1_34' title='bbox 317 1445 576 1496; x_wconf 84' lang='lat' dir='ltr'>tremos</span> <span class='ocrx_word' id='word_1_35' title='bbox 620 1429 911 1493; x_wconf 88' lang='lat' dir='ltr'>Neronis</span> <span class='ocrx_word' id='word_1_36' title='bbox 955 1445 1198 1500; x_wconf 79' lang='lat' dir='ltr'>annos,</span> <span class='ocrx_word' id='word_1_37' title='bbox 1425 1505 1431 1512; x_wconf 92' lang='lat'>.</span> <span class='ocrx_word' id='word_1_38' title='bbox 1561 1476 1570 1485; x_wconf 88' lang='lat'>.</span> 
     </span>
    </p>

    <p class='ocr_par' dir='ltr' id='par_1_8' title="bbox 313 1522 1848 1905">
     <span class='ocr_line' id='line_1_9' title="bbox 411 1522 1848 1609; baseline -0.003 -18"><span class='ocrx_word' id='word_1_39' title='bbox 411 1529 632 1591; x_wconf 87' lang='lat' dir='ltr'>Facto</span> <span class='ocrx_word' id='word_1_40' title='bbox 667 1528 758 1591; x_wconf 87' lang='lat' dir='ltr'>ad</span> <span class='ocrx_word' id='word_1_41' title='bbox 791 1527 1134 1591; x_wconf 86' lang='lat' dir='ltr'>bilancem</span> <span class='ocrx_word' id='word_1_42' title='bbox 1189 1522 1505 1589; x_wconf 83' lang='lat' dir='ltr'>examine</span> <span class='ocrx_word' id='word_1_43' title='bbox 1543 1541 1848 1609; x_wconf 90' lang='lat' dir='ltr'>comper-</span> 
     </span>
     <span class='ocr_line' id='line_1_10' title="bbox 314 1616 1845 1705; baseline -0.004 -15"><span class='ocrx_word' id='word_1_44' title='bbox 314 1639 460 1690; x_wconf 87' lang='lat' dir='ltr'>tum</span> <span class='ocrx_word' id='word_1_45' title='bbox 485 1672 506 1702; x_wconf 91' lang='lat'>,</span> <span class='ocrx_word' id='word_1_46' title='bbox 559 1616 797 1688; x_wconf 60' lang='lat' dir='ltr'>{rerum</span> <span class='ocrx_word' id='word_1_47' title='bbox 834 1624 1004 1705; x_wconf 75' lang='lat' dir='ltr'>effe,</span> <span class='ocrx_word' id='word_1_48' title='bbox 1061 1623 1248 1705; x_wconf 87' lang='lat' dir='ltr'>quod</span> <span class='ocrx_word' id='word_1_49' title='bbox 1288 1621 1525 1684; x_wconf 90' lang='lat' dir='ltr'>docuit</span> <span class='ocrx_word' id='word_1_50' title='bbox 1558 1619 1845 1698; x_wconf 84' lang='lat' dir='ltr'><strong>Plinius,</strong></span> 
     </span>
     <span class='ocr_line' id='line_1_11' title="bbox 314 1716 1846 1809; baseline -0.004 -23"><span class='ocrx_word' id='word_1_51' title='bbox 314 1722 679 1809; x_wconf 82' lang='lat' dir='ltr'><strong>paullatim</strong></span> <span class='ocrx_word' id='word_1_52' title='bbox 769 1721 1105 1805; x_wconf 83' lang='lat' dir='ltr'>principes</span> <span class='ocrx_word' id='word_1_53' title='bbox 1161 1717 1601 1791; x_wconf 78' lang='lat' dir='ltr'>imminuisse·</span> <span class='ocrx_word' id='word_1_54' title='bbox 1653 1716 1846 1780; x_wconf 85' lang='lat' dir='ltr'>aurei</span> 
     </span>
     <span class='ocr_line' id='line_1_12' title="bbox 313 1815 1842 1905; baseline -0.002 -22"><span class='ocrx_word' id='word_1_55' title='bbox 313 1819 621 1905; x_wconf 85' lang='lat' dir='ltr'>pondus,</span> <span class='ocrx_word' id='word_1_56' title='bbox 674 1816 944 1904; x_wconf 79' lang='lat' dir='ltr'>signatis</span> <span class='ocrx_word' id='word_1_57' title='bbox 1009 1836 1097 1882; x_wconf 76' lang='lat' dir='ltr'>ex</span> <span class='ocrx_word' id='word_1_58' title='bbox 1159 1815 1342 1880; x_wconf 88' lang='lat' dir='ltr'>libra</span> <span class='ocrx_word' id='word_1_59' title='bbox 1406 1815 1633 1880; x_wconf 83' lang='lat' dir='ltr'>aureis</span> <span class='ocrx_word' id='word_1_60' title='bbox 1690 1826 1780 1892; x_wconf 80' lang='lat'>42</span> <span class='ocrx_word' id='word_1_61' title='bbox 1818 1867 1842 1903; x_wconf 88' lang='lat'>,</span> 
     </span>
    </p>
   </div>
   <div class='ocr_carea' id='block_1_8' title="bbox 308 1910 616 2001">
    <p class='ocr_par' dir='ltr' id='par_1_9' title="bbox 308 1910 616 2001">
     <span class='ocr_line' id='line_1_13' title="bbox 308 1910 616 2001; baseline -0.006 -4"><span class='ocrx_word' id='word_1_62' title='bbox 308 1928 402 2001; x_wconf 87' lang='grc'>43</span> <span class='ocrx_word' id='word_1_63' title='bbox 423 1965 444 1997; x_wconf 78' lang='grc'><em>,</em></span> <span class='ocrx_word' id='word_1_64' title='bbox 482 1910 616 1994; x_wconf 64' lang='lat'>‘44-</span> 
     </span>
    </p>
   </div>
   <div class='ocr_carea' id='block_1_9' title="bbox 1062 2012 1095 2045">
    <p class='ocr_par' dir='ltr' id='par_1_10' title="bbox 1062 2012 1095 2045">
     <span class='ocr_line' id='line_1_14' title="bbox 1062 2012 1095 2045; baseline 0 -5"><span class='ocrx_word' id='word_1_65' title='bbox 1062 2012 1095 2045; x_wconf 47' lang='lat' dir='ltr'>ff</span> 
     </span>
    </p>
   </div>
   <div class='ocr_carea' id='block_1_10' title="bbox 274 2060 1837 4136">
    <p class='ocr_par' dir='ltr' id='par_1_11' title="bbox 418 2060 1277 2096">
     <span class='ocr_line' id='line_1_15' title="bbox 418 2060 1277 2096; baseline 0 -1"><span class='ocrx_word' id='word_1_66' title='bbox 418 2090 427 2095; x_wconf 68' lang='grc'>,</span> <span class='ocrx_word' id='word_1_67' title='bbox 883 2063 915 2096; x_wconf 58' lang='lat' dir='ltr'><strong><em>t</em></strong></span> <span class='ocrx_word' id='word_1_68' title='bbox 1246 2060 1277 2094; x_wconf 52' lang='grc' dir='ltr'><strong><em>ἱ</em></strong></span> 
     </span>
    </p>

    <p class='ocr_par' dir='ltr' id='par_1_12' title="bbox 304 2094 1837 2486">
     <span class='ocr_line' id='line_1_16' title="bbox 406 2094 1837 2195; baseline -0.001 -19"><span class='ocrx_word' id='word_1_69' title='bbox 406 2106 665 2195; x_wconf 79' lang='lat' dir='ltr'>Epocba</span> <span class='ocrx_word' id='word_1_70' title='bbox 730 2109 943 2176; x_wconf 85' lang='lat' dir='ltr'><em>VIII.</em></span> <span class='ocrx_word' id='word_1_71' title='bbox 1005 2110 1095 2174; x_wconf 90' lang='lat' dir='ltr'>ab</span> <span class='ocrx_word' id='word_1_72' title='bbox 1166 2109 1491 2173; x_wconf 80' lang='lat' dir='ltr'>extremis</span> <span class='ocrx_word' id='word_1_73' title='bbox 1544 2094 1837 2175; x_wconf 78' lang='lat' dir='ltr'>Neronis</span> 
     </span>
     <span class='ocr_line' id='line_1_17' title="bbox 310 2205 1836 2293; baseline 0 -22"><span class='ocrx_word' id='word_1_74' title='bbox 310 2208 401 2271; x_wconf 91' lang='lat' dir='ltr'>ad</span> <span class='ocrx_word' id='word_1_75' title='bbox 428 2221 771 2271; x_wconf 84' lang='lat' dir='ltr'>extremos</span> <span class='ocrx_word' id='word_1_76' title='bbox 811 2205 1218 2271; x_wconf 91' lang='lat' dir='ltr'>Caracallae</span> <span class='ocrx_word' id='word_1_77' title='bbox 1256 2225 1500 2278; x_wconf 82' lang='lat' dir='ltr'>annos.</span> <span class='ocrx_word' id='word_1_78' title='bbox 1604 2205 1836 2293; x_wconf 86' lang='lat' dir='ltr'>Signa·</span> 
     </span>
     <span class='ocr_line' id='line_1_18' title="bbox 304 2303 1836 2390; baseline 0.001 -23"><span class='ocrx_word' id='word_1_79' title='bbox 304 2305 362 2367; x_wconf 86' lang='lat' dir='ltr'>ti</span> <span class='ocrx_word' id='word_1_80' title='bbox 396 2317 540 2373; x_wconf 80' lang='lat' dir='ltr'>tum</span> <span class='ocrx_word' id='word_1_81' title='bbox 575 2324 661 2367; x_wconf 82' lang='lat' dir='ltr'>ex</span> <span class='ocrx_word' id='word_1_82' title='bbox 705 2304 885 2367; x_wconf 88' lang='lat' dir='ltr'>libra</span> <span class='ocrx_word' id='word_1_83' title='bbox 927 2305 1116 2367; x_wconf 89' lang='lat' dir='ltr'>aurei</span> <span class='ocrx_word' id='word_1_84' title='bbox 1163 2315 1300 2388; x_wconf 83' lang='lat'>45,</span> <span class='ocrx_word' id='word_1_85' title='bbox 1364 2303 1669 2390; x_wconf 89' lang='lat' dir='ltr'>pondere</span> <span class='ocrx_word' id='word_1_86' title='bbox 1716 2305 1836 2368; x_wconf 87' lang='lat' dir='ltr'>fin-</span> 
     </span>
     <span class='ocr_line' id='line_1_19' title="bbox 308 2396 1156 2486; baseline -0.002 -24"><span class='ocrx_word' id='word_1_87' title='bbox 308 2400 446 2486; x_wconf 88' lang='lat' dir='ltr'>guli</span> <span class='ocrx_word' id='word_1_88' title='bbox 487 2419 855 2485; x_wconf 87' lang='lat' dir='ltr'>granorum</span> <span class='ocrx_word' id='word_1_89' title='bbox 905 2396 1156 2482; x_wconf 52' lang='lat'><strong>136&amp;-</strong></span> 
     </span>
    </p>

    <p class='ocr_par' dir='ltr' id='par_1_13' title="bbox 404 2490 1835 2582">
     <span class='ocr_line' id='line_1_20' title="bbox 404 2490 1835 2582; baseline -0.002 -23"><span class='ocrx_word' id='word_1_90' title='bbox 404 2496 564 2578; x_wconf 90' lang='lat' dir='ltr'>Ejus</span> <span class='ocrx_word' id='word_1_91' title='bbox 587 2495 754 2582; x_wconf 88' lang='lat' dir='ltr'>legis</span> <span class='ocrx_word' id='word_1_92' title='bbox 792 2495 1330 2581; x_wconf 77' lang='lat' dir='ltr'>experimentum</span> <span class='ocrx_word' id='word_1_93' title='bbox 1365 2490 1722 2580; x_wconf 83' lang='lat' dir='ltr'>praebent</span> <span class='ocrx_word' id='word_1_94' title='bbox 1717 2514 1835 2556; x_wconf 89' lang='lat' dir='ltr'>nu-</span> 
     </span>
    </p>

    <p class='ocr_par' dir='ltr' id='par_1_14' title="bbox 274 2588 1836 3822">
     <span class='ocr_line' id='line_1_21' title="bbox 670 2588 1834 2677; baseline 0.002 -22"><span class='ocrx_word' id='word_1_95' title='bbox 670 2611 809 2655; x_wconf 89' lang='lat' dir='ltr'>non</span> <span class='ocrx_word' id='word_1_96' title='bbox 876 2603 1105 2654; x_wconf 87' lang='lat' dir='ltr'>tamen</span> <span class='ocrx_word' id='word_1_97' title='bbox 1190 2588 1322 2653; x_wconf 87' lang='lat' dir='ltr'>fine</span> <span class='ocrx_word' id='word_1_98' title='bbox 1408 2591 1834 2677; x_wconf 81' lang='lat' dir='ltr'>exceptione.</span> 
     </span>
     <span class='ocr_line' id='line_1_22' title="bbox 301 2678 1833 2771; baseline -0.002 -16"><span class='ocrx_word' id='word_1_99' title='bbox 301 2691 482 2755; x_wconf 87' lang='lat' dir='ltr'>Nam</span> <span class='ocrx_word' id='word_1_100' title='bbox 518 2678 707 2755; x_wconf 85' lang='lat' dir='ltr'>numi</span> <span class='ocrx_word' id='word_1_101' title='bbox 751 2687 1181 2771; x_wconf 89' lang='lat' dir='ltr'>Domitiani,</span> <span class='ocrx_word' id='word_1_102' title='bbox 1254 2687 1565 2766; x_wconf 86' lang='lat' dir='ltr'>Nervae,</span> <span class='ocrx_word' id='word_1_103' title='bbox 1660 2688 1725 2753; x_wconf 85' lang='lat' dir='ltr'>T</span> <span class='ocrx_word' id='word_1_104' title='bbox 1728 2709 1833 2752; x_wconf 89' lang='lat' dir='ltr'>ra-</span> 
     </span>
     <span class='ocr_line' id='line_1_23' title="bbox 296 2784 1836 2874; baseline -0.001 -23"><span class='ocrx_word' id='word_1_105' title='bbox 296 2791 440 2873; x_wconf 88' lang='lat' dir='ltr'>jani</span> <span class='ocrx_word' id='word_1_106' title='bbox 471 2790 695 2874; x_wconf 89' lang='lat' dir='ltr'>primo</span> <span class='ocrx_word' id='word_1_107' title='bbox 752 2788 917 2872; x_wconf 89' lang='lat' dir='ltr'>ejus</span> <span class='ocrx_word' id='word_1_108' title='bbox 935 2786 1211 2850; x_wconf 88' lang='lat' dir='ltr'>biennio</span> <span class='ocrx_word' id='word_1_109' title='bbox 1254 2784 1385 2849; x_wconf 87' lang='lat' dir='ltr'>cusi</span> <span class='ocrx_word' id='word_1_110' title='bbox 1437 2787 1836 2873; x_wconf 90' lang='lat' dir='ltr'>adpendunt</span> 
     </span>
     <span class='ocr_line' id='line_1_24' title="bbox 302 2881 1833 2984; baseline -0.001 -36"><span class='ocrx_word' id='word_1_111' title='bbox 302 2905 518 2970; x_wconf 88' lang='lat' dir='ltr'>grana</span> <span class='ocrx_word' id='word_1_112' title='bbox 564 2898 738 2966; x_wconf 88' lang='lat'>140,</span> <span class='ocrx_word' id='word_1_113' title='bbox 810 2896 1016 2970; x_wconf 87' lang='lat' dir='ltr'>atque</span> <span class='ocrx_word' id='word_1_114' title='bbox 1068 2881 1177 2948; x_wconf 87' lang='lat' dir='ltr'>his</span> <span class='ocrx_word' id='word_1_115' title='bbox 1227 2882 1527 2969; x_wconf 82' lang='lat' dir='ltr'>plura,</span> <span class='ocrx_word' id='word_1_116' title='bbox 1548 2883 1732 2984; x_wconf 75' lang='lat' dir='ltr'>quin</span> <span class='ocrx_word' id='word_1_117' title='bbox 1766 2896 1833 2947; x_wconf 87' lang='lat' dir='ltr'>et</span> 
     </span>
     <span class='ocr_line' id='line_1_25' title="bbox 309 2994 470 3067; baseline 0 -24"><span class='ocrx_word' id='word_1_118' title='bbox 309 2994 470 3067; x_wconf 85' lang='lat'>145.</span> 
     </span>
     <span class='ocr_line' id='line_1_26' title="bbox 318 3077 1827 3165; baseline -0.001 -21"><span class='ocrx_word' id='word_1_119' title='bbox 318 3119 327 3124; x_wconf 91' lang='lat'><em>-</em></span> <span class='ocrx_word' id='word_1_120' title='bbox 394 3082 463 3144; x_wconf 90' lang='lat' dir='ltr'>A</span> <span class='ocrx_word' id='word_1_121' title='bbox 503 3099 640 3165; x_wconf 91' lang='lat' dir='ltr'>quo</span> <span class='ocrx_word' id='word_1_122' title='bbox 678 3091 993 3163; x_wconf 89' lang='lat' dir='ltr'>tempore</span> <span class='ocrx_word' id='word_1_123' title='bbox 1036 3077 1224 3140; x_wconf 88' lang='lat' dir='ltr'>aurei</span> <span class='ocrx_word' id='word_1_124' title='bbox 1264 3088 1358 3159; x_wconf 83' lang='grc'>45</span> <span class='ocrx_word' id='word_1_125' title='bbox 1408 3100 1495 3142; x_wconf 84' lang='lat' dir='ltr'>ex</span> <span class='ocrx_word' id='word_1_126' title='bbox 1538 3077 1719 3142; x_wconf 89' lang='lat' dir='ltr'>libra</span> <span class='ocrx_word' id='word_1_127' title='bbox 1754 3078 1827 3142; x_wconf 84' lang='lat' dir='ltr'>si-</span> 
     </span>
     <span class='ocr_line' id='line_1_27' title="bbox 296 3167 1825 3268; baseline -0.003 -25"><span class='ocrx_word' id='word_1_128' title='bbox 296 3179 484 3268; x_wconf 84' lang='lat' dir='ltr'>gnati</span> <span class='ocrx_word' id='word_1_129' title='bbox 527 3178 712 3254; x_wconf 89' lang='lat' dir='ltr'>sunt,</span> <span class='ocrx_word' id='word_1_130' title='bbox 765 3194 853 3240; x_wconf 78' lang='lat' dir='ltr'>ex</span> <span class='ocrx_word' id='word_1_131' title='bbox 887 3167 1095 3237; x_wconf 92' lang='lat' dir='ltr'>libra</span> <span class='ocrx_word' id='word_1_132' title='bbox 1096 3176 1362 3261; x_wconf 83' lang='lat' dir='ltr'>argenti</span> <span class='ocrx_word' id='word_1_133' title='bbox 1403 3171 1635 3262; x_wconf 85' lang='lat' dir='ltr'>signati</span> <span class='ocrx_word' id='word_1_134' title='bbox 1681 3174 1825 3239; x_wconf 89' lang='lat' dir='ltr'>fue-</span> 
     </span>
     <span class='ocr_line' id='line_1_28' title="bbox 295 3270 1828 3358; baseline -0.003 -18"><span class='ocrx_word' id='word_1_135' title='bbox 295 3297 368 3340; x_wconf 89' lang='lat' dir='ltr'>re</span> <span class='ocrx_word' id='word_1_136' title='bbox 408 3274 669 3339; x_wconf 87' lang='lat' dir='ltr'>denarii</span> <span class='ocrx_word' id='word_1_137' title='bbox 709 3275 821 3356; x_wconf 90' lang='lat'>96</span> <span class='ocrx_word' id='word_1_138' title='bbox 922 3270 995 3333; x_wconf 90' lang='lat' dir='ltr'>Si</span> <span class='ocrx_word' id='word_1_139' title='bbox 1041 3291 1204 3358; x_wconf 81' lang='lat' dir='ltr'>ergo</span> <span class='ocrx_word' id='word_1_140' title='bbox 1234 3283 1327 3357; x_wconf 86' lang='lat'>45</span> <span class='ocrx_word' id='word_1_141' title='bbox 1370 3272 1704 3336; x_wconf 83' lang='lat' dir='ltr'>ducantur</span> <span class='ocrx_word' id='word_1_142' title='bbox 1758 3273 1828 3336; x_wconf 90' lang='lat' dir='ltr'>in</span> 
     </span>
     <span class='ocr_line' id='line_1_29' title="bbox 297 3368 1824 3459; baseline -0.004 -20"><span class='ocrx_word' id='word_1_143' title='bbox 297 3392 333 3439; x_wconf 81' lang='lat'><em>2</em></span> <span class='ocrx_word' id='word_1_144' title='bbox 341 3396 429 3459; x_wconf 88' lang='lat'><em>5</em></span> <span class='ocrx_word' id='word_1_145' title='bbox 478 3373 681 3459; x_wconf 69' lang='lat' dir='ltr'>(quot</span> <span class='ocrx_word' id='word_1_146' title='bbox 718 3387 965 3455; x_wconf 81' lang='lat' dir='ltr'>nempe</span> <span class='ocrx_word' id='word_1_147' title='bbox 995 3369 1320 3433; x_wconf 86' lang='lat' dir='ltr'>denarios</span> <span class='ocrx_word' id='word_1_148' title='bbox 1362 3368 1584 3434; x_wconf 85' lang='lat' dir='ltr'>valuit</span> <span class='ocrx_word' id='word_1_149' title='bbox 1630 3389 1824 3433; x_wconf 89' lang='lat' dir='ltr'>aure·</span> 
     </span>
     <span class='ocr_line' id='line_1_30' title="bbox 274 3463 1825 3552; baseline -0.003 -19"><span class='ocrx_word' id='word_1_150' title='bbox 274 3491 370 3535; x_wconf 85' lang='lat' dir='ltr'>-us</span> <span class='ocrx_word' id='word_1_151' title='bbox 408 3466 615 3552; x_wconf 76' lang='lat' dir='ltr'>unus)</span> <span class='ocrx_word' id='word_1_152' title='bbox 666 3466 931 3534; x_wconf 75' lang='lat' dir='ltr'>factum</span> <span class='ocrx_word' id='word_1_153' title='bbox 994 3485 1021 3526; x_wconf 89' lang='lat'>1</span> <span class='ocrx_word' id='word_1_154' title='bbox 1045 3484 1178 3547; x_wconf 84' lang='lat'>125</span> <span class='ocrx_word' id='word_1_155' title='bbox 1214 3463 1258 3526; x_wconf 86' lang='lat' dir='ltr'>si</span> <span class='ocrx_word' id='word_1_156' title='bbox 1296 3465 1646 3529; x_wconf 85' lang='lat' dir='ltr'>dividatur</span> <span class='ocrx_word' id='word_1_157' title='bbox 1702 3485 1825 3550; x_wconf 88' lang='lat' dir='ltr'>per</span> 
     </span>
     <span class='ocr_line' id='line_1_31' title="bbox 293 3559 1822 3648; baseline -0.004 -19"><span class='ocrx_word' id='word_1_158' title='bbox 293 3567 431 3648; x_wconf 87' lang='lat'>96,</span> <span class='ocrx_word' id='word_1_159' title='bbox 488 3578 734 3647; x_wconf 86' lang='lat' dir='ltr'>quotus</span> <span class='ocrx_word' id='word_1_160' title='bbox 786 3562 962 3643; x_wconf 64' lang='lat'>113}</span> <span class='ocrx_word' id='word_1_161' title='bbox 1027 3559 1223 3624; x_wconf 89' lang='lat' dir='ltr'>dabit</span> <span class='ocrx_word' id='word_1_162' title='bbox 1301 3561 1822 3646; x_wconf 83' lang='lat' dir='ltr'>proportionem</span> 
     </span>
     <span class='ocr_line' id='line_1_32' title="bbox 286 3653 1822 3741; baseline -0.003 -17"><span class='ocrx_word' id='word_1_163' title='bbox 286 3661 464 3724; x_wconf 88' lang='lat' dir='ltr'>inter</span> <span class='ocrx_word' id='word_1_164' title='bbox 496 3679 739 3724; x_wconf 87' lang='lat' dir='ltr'>aurum</span> <span class='ocrx_word' id='word_1_165' title='bbox 795 3672 863 3721; x_wconf 88' lang='lat' dir='ltr'>et</span> <span class='ocrx_word' id='word_1_166' title='bbox 904 3668 1259 3741; x_wconf 85' lang='lat' dir='ltr'>argentum</span> <span class='ocrx_word' id='word_1_167' title='bbox 1286 3702 1307 3736; x_wconf 95' lang='lat'>,</span> <span class='ocrx_word' id='word_1_168' title='bbox 1361 3674 1538 3741; x_wconf 86' lang='lat' dir='ltr'>quae</span> <span class='ocrx_word' id='word_1_169' title='bbox 1579 3653 1668 3718; x_wconf 85' lang='lat' dir='ltr'>est</span> <span class='ocrx_word' id='word_1_170' title='bbox 1724 3654 1822 3720; x_wconf 88' lang='lat' dir='ltr'>fe-</span> 
     </span>
     <span class='ocr_line' id='line_1_33' title="bbox 285 3757 913 3842; baseline -0.002 -20"><span class='ocrx_word' id='word_1_171' title='bbox 285 3778 402 3842; x_wconf 88' lang='lat' dir='ltr'>re,</span> <span class='ocrx_word' id='word_1_172' title='bbox 455 3769 528 3821; x_wconf 91' lang='lat' dir='ltr'>ut</span> <span class='ocrx_word' id='word_1_173' title='bbox 595 3777 619 3819; x_wconf 87' lang='lat'><strong>1</strong></span> <span class='ocrx_word' id='word_1_174' title='bbox 663 3757 757 3820; x_wconf 80' lang='lat' dir='ltr'>ad</span> <span class='ocrx_word' id='word_1_175' title='bbox 804 3771 913 3821; x_wconf 78' lang='lat'>12.</span> 
     </span>
    </p>

    <p class='ocr_par' dir='ltr' id='par_1_15' title="bbox 283 3809 1821 4136">
     <span class='ocr_line' id='line_1_34' title="bbox 379 3809 1817 3936; baseline -0.001 -18.996"><span class='ocrx_word' id='word_1_176' title='bbox 379 3809 549 3919; x_wconf 63' lang='lat' dir='ltr'>&#39;Inde</span> <span class='ocrx_word' id='word_1_177' title='bbox 586 3874 630 3916; x_wconf 88' lang='lat' dir='ltr'>a</span> <span class='ocrx_word' id='word_1_178' title='bbox 677 3847 1044 3916; x_wconf 85' lang='lat' dir='ltr'>Caracalla</span> <span class='ocrx_word' id='word_1_179' title='bbox 1101 3869 1467 3933; x_wconf 77' lang='lat' dir='ltr'>aureorum</span> <span class='ocrx_word' id='word_1_180' title='bbox 1546 3849 1817 3936; x_wconf 87' lang='lat' dir='ltr'>pondus</span> 
     </span>
     <span class='ocr_line' id='line_1_35' title="bbox 284 3939 1821 4039; baseline -0.005 -20"><span class='ocrx_word' id='word_1_181' title='bbox 284 3954 370 4020; x_wconf 83' lang='lat' dir='ltr'>lic</span> <span class='ocrx_word' id='word_1_182' title='bbox 403 3962 721 4039; x_wconf 85' lang='lat' dir='ltr'>vagatur,</span> <span class='ocrx_word' id='word_1_183' title='bbox 773 3961 846 4013; x_wconf 89' lang='lat' dir='ltr'>ut</span> <span class='ocrx_word' id='word_1_184' title='bbox 880 3947 972 4011; x_wconf 90' lang='lat' dir='ltr'>ad</span> <span class='ocrx_word' id='word_1_185' title='bbox 1007 3939 1266 4011; x_wconf 81' lang='lat' dir='ltr'>millam</span> <span class='ocrx_word' id='word_1_186' title='bbox 1308 3968 1427 4012; x_wconf 89' lang='lat' dir='ltr'>eos</span> <span class='ocrx_word' id='word_1_187' title='bbox 1463 3947 1681 4033; x_wconf 86' lang='lat' dir='ltr'>legem</span> <span class='ocrx_word' id='word_1_188' title='bbox 1713 3968 1821 4011; x_wconf 88' lang='lat' dir='ltr'>re·</span> 
     </span>
     <span class='ocr_line' id='line_1_36' title="bbox 283 4043 1813 4136; baseline -0.004 -22"><span class='ocrx_word' id='word_1_189' title='bbox 283 4052 531 4114; x_wconf 86' lang='lat' dir='ltr'>ducere</span> <span class='ocrx_word' id='word_1_190' title='bbox 614 4046 918 4136; x_wconf 89' lang='lat' dir='ltr'>potuerit</span> <span class='ocrx_word' id='word_1_191' title='bbox 1002 4043 1556 4129; x_wconf 73' lang='lat' dir='ltr'>BarthelemJuS.</span> <span class='ocrx_word' id='word_1_192' title='bbox 1672 4044 1813 4109; x_wconf 88' lang='lat' dir='ltr'>Sub</span> 
     </span>
    </p>
   </div>
   <div class='ocr_carea' id='block_1_11' title="bbox 2515 650 3482 917">
    <p class='ocr_par' dir='ltr' id='par_1_16' title="bbox 2515 650 3482 917">
     <span class='ocr_line' id='line_1_37' title="bbox 3259 650 3482 725; baseline -0.013 0"><span class='ocrx_word' id='word_1_193' title='bbox 3259 650 3482 725; x_wconf 75' lang='lat'>-33</span> 
     </span>
     <span class='ocr_line' id='line_1_38' title="bbox 2515 829 2733 917; baseline -0.005 -51"><span class='ocrx_word' id='word_1_194' title='bbox 2515 882 2548 917; x_wconf 34' lang='grc' dir='ltr'><strong><em>ἡ</em></strong></span> <span class='ocrx_word' id='word_1_195' title='bbox 2697 829 2733 865; x_wconf 70' lang='lat'>¹²</span> 
     </span>
    </p>
   </div>
   <div class='ocr_carea' id='block_1_12' title="bbox 1899 918 3510 4130">
    <p class='ocr_par' dir='ltr' id='par_1_17' title="bbox 1915 918 3508 2866">
     <span class='ocr_line' id='line_1_39' title="bbox 2032 918 3471 1021; baseline -0.003 -24"><span class='ocrx_word' id='word_1_196' title='bbox 2032 918 2363 1021; x_wconf 75' lang='lat' dir='ltr'>Exposita</span> <span class='ocrx_word' id='word_1_197' title='bbox 2418 930 2554 995; x_wconf 89' lang='lat' dir='ltr'>hac</span> <span class='ocrx_word' id='word_1_198' title='bbox 2595 918 2846 995; x_wconf 88' lang='lat' dir='ltr'>eruditi</span> <span class='ocrx_word' id='word_1_199' title='bbox 2894 928 3160 995; x_wconf 85' lang='lat' dir='ltr'>Nauzei</span> <span class='ocrx_word' id='word_1_200' title='bbox 3210 932 3471 999; x_wconf 82' lang='lat' dir='ltr'>doctri.</span> 
     </span>
     <span class='ocr_line' id='line_1_40' title="bbox 1934 1025 3473 1125; baseline -0.001 -27"><span class='ocrx_word' id='word_1_201' title='bbox 1934 1050 2027 1098; x_wconf 84' lang='lat' dir='ltr'>na</span> <span class='ocrx_word' id='word_1_202' title='bbox 2070 1050 2382 1096; x_wconf 88' lang='lat' dir='ltr'>mearum</span> <span class='ocrx_word' id='word_1_203' title='bbox 2414 1025 2502 1093; x_wconf 84' lang='lat' dir='ltr'>est</span> <span class='ocrx_word' id='word_1_204' title='bbox 2546 1028 2884 1116; x_wconf 86' lang='lat' dir='ltr'>partium,</span> <span class='ocrx_word' id='word_1_205' title='bbox 2975 1040 3303 1125; x_wconf 86' lang='lat' dir='ltr'>quantum</span> <span class='ocrx_word' id='word_1_206' title='bbox 3385 1051 3473 1098; x_wconf 87' lang='lat' dir='ltr'>ea</span> 
     </span>
     <span class='ocr_line' id='line_1_41' title="bbox 1932 1123 3475 1214; baseline 0.001 -20"><span class='ocrx_word' id='word_1_207' title='bbox 1932 1129 2298 1194; x_wconf 88' lang='lat' dir='ltr'>secundum</span> <span class='ocrx_word' id='word_1_208' title='bbox 2336 1126 2504 1192; x_wconf 87' lang='lat' dir='ltr'>artis</span> <span class='ocrx_word' id='word_1_209' title='bbox 2571 1123 2835 1191; x_wconf 79' lang='lat' dir='ltr'>nostrae</span> <span class='ocrx_word' id='word_1_210' title='bbox 2907 1130 3285 1214; x_wconf 83' lang='lat' dir='ltr'>praecepta</span> <span class='ocrx_word' id='word_1_211' title='bbox 3347 1130 3475 1202; x_wconf 82' lang='lat' dir='ltr'>niti</span> 
     </span>
     <span class='ocr_line' id='line_1_42' title="bbox 1930 1222 3508 1313; baseline 0.001 -21"><span class='ocrx_word' id='word_1_212' title='bbox 1930 1226 2312 1313; x_wconf 79' lang='lat' dir='ltr'>possimus,</span> <span class='ocrx_word' id='word_1_213' title='bbox 2364 1222 2711 1303; x_wconf 88' lang='lat' dir='ltr'>arbitrari,</span> <span class='ocrx_word' id='word_1_214' title='bbox 2745 1223 2970 1310; x_wconf 86' lang='lat' dir='ltr'>digno</span> <span class='ocrx_word' id='word_1_215' title='bbox 3007 1223 3161 1289; x_wconf 87' lang='lat' dir='ltr'>sane</span> <span class='ocrx_word' id='word_1_216' title='bbox 3211 1222 3508 1313; x_wconf 76' lang='lat' dir='ltr'>operae&#39;</span> 
     </span>
     <span class='ocr_line' id='line_1_43' title="bbox 1929 1319 3470 1412; baseline 0.001 -25"><span class='ocrx_word' id='word_1_217' title='bbox 1929 1325 2180 1412; x_wconf 87' lang='lat' dir='ltr'>pretio.</span> <span class='ocrx_word' id='word_1_218' title='bbox 2247 1325 2525 1409; x_wconf 86' lang='lat' dir='ltr'>·Agitur</span> <span class='ocrx_word' id='word_1_219' title='bbox 2553 1322 2733 1385; x_wconf 88' lang='lat' dir='ltr'>enim</span> <span class='ocrx_word' id='word_1_220' title='bbox 2781 1339 3019 1385; x_wconf 87' lang='lat' dir='ltr'>verum</span> <span class='ocrx_word' id='word_1_221' title='bbox 3052 1319 3270 1386; x_wconf 87' lang='lat' dir='ltr'>librae</span> <span class='ocrx_word' id='word_1_222' title='bbox 3352 1343 3470 1389; x_wconf 82' lang='lat' dir='ltr'>ve-</span> 
     </span>
     <span class='ocr_line' id='line_1_44' title="bbox 1929 1416 3458 1506; baseline 0.001 -21"><span class='ocrx_word' id='word_1_223' title='bbox 1929 1422 2093 1485; x_wconf 88' lang='lat' dir='ltr'>teris</span> <span class='ocrx_word' id='word_1_224' title='bbox 2125 1421 2441 1506; x_wconf 83' lang='lat' dir='ltr'>pondus,</span> <span class='ocrx_word' id='word_1_225' title='bbox 2494 1418 2717 1505; x_wconf 86' lang='lat' dir='ltr'>agitur</span> <span class='ocrx_word' id='word_1_226' title='bbox 2752 1416 2933 1482; x_wconf 86' lang='lat' dir='ltr'>ratio</span> <span class='ocrx_word' id='word_1_227' title='bbox 2977 1422 3259 1484; x_wconf 86' lang='lat' dir='ltr'>varians</span> <span class='ocrx_word' id='word_1_228' title='bbox 3307 1422 3458 1485; x_wconf 89' lang='lat' dir='ltr'>auri</span> 
     </span>
     <span class='ocr_line' id='line_1_45' title="bbox 1929 1516 3465 1605; baseline 0.001 -23"><span class='ocrx_word' id='word_1_229' title='bbox 1929 1519 2021 1583; x_wconf 89' lang='lat' dir='ltr'>ad</span> <span class='ocrx_word' id='word_1_230' title='bbox 2072 1530 2471 1605; x_wconf 86' lang='lat' dir='ltr'>argentum,</span> <span class='ocrx_word' id='word_1_231' title='bbox 2524 1516 2748 1601; x_wconf 84' lang='lat' dir='ltr'>agitur</span> <span class='ocrx_word' id='word_1_232' title='bbox 2804 1517 3157 1581; x_wconf 83' lang='lat' dir='ltr'>variorum</span> <span class='ocrx_word' id='word_1_233' title='bbox 3222 1536 3465 1583; x_wconf 86' lang='lat' dir='ltr'>numo·</span> 
     </span>
     <span class='ocr_line' id='line_1_46' title="bbox 1924 1610 3462 1698; baseline 0.001 -19"><span class='ocrx_word' id='word_1_234' title='bbox 1924 1634 2076 1680; x_wconf 88' lang='lat' dir='ltr'>rum</span> <span class='ocrx_word' id='word_1_235' title='bbox 2116 1615 2312 1698; x_wconf 87' lang='lat' dir='ltr'>hujus</span> <span class='ocrx_word' id='word_1_236' title='bbox 2357 1610 2585 1678; x_wconf 78' lang='lat' dir='ltr'>classis</span> <span class='ocrx_word' id='word_1_237' title='bbox 2644 1625 2839 1678; x_wconf 88' lang='lat' dir='ltr'>aetas</span> <span class='ocrx_word' id='word_1_238' title='bbox 2911 1612 3138 1678; x_wconf 87' lang='lat' dir='ltr'>adhuc</span> <span class='ocrx_word' id='word_1_239' title='bbox 3191 1627 3462 1680; x_wconf 89' lang='lat' dir='ltr'>contro·</span> 
     </span>
     <span class='ocr_line' id='line_1_47' title="bbox 1926 1709 3464 1799; baseline 0.001 -22"><span class='ocrx_word' id='word_1_240' title='bbox 1926 1714 2162 1791; x_wconf 86' lang='lat' dir='ltr'>versa,</span> <span class='ocrx_word' id='word_1_241' title='bbox 2217 1712 2440 1799; x_wconf 87' lang='lat' dir='ltr'>agitur</span> <span class='ocrx_word' id='word_1_242' title='bbox 2512 1711 2804 1795; x_wconf 89' lang='lat' dir='ltr'>denique</span> <span class='ocrx_word' id='word_1_243' title='bbox 2861 1710 3208 1776; x_wconf 83' lang='lat' dir='ltr'>universus</span> <span class='ocrx_word' id='word_1_244' title='bbox 3258 1709 3464 1778; x_wconf 84' lang='lat' dir='ltr'>status</span> 
     </span>
     <span class='ocr_line' id='line_1_48' title="bbox 1925 1800 3461 1878; baseline 0.003 -5"><span class='ocrx_word' id='word_1_245' title='bbox 1925 1823 2244 1875; x_wconf 86' lang='lat' dir='ltr'>monetae</span> <span class='ocrx_word' id='word_1_246' title='bbox 2309 1800 2559 1873; x_wconf 84' lang='lat' dir='ltr'>aureae</span> <span class='ocrx_word' id='word_1_247' title='bbox 2638 1809 2867 1873; x_wconf 89' lang='lat' dir='ltr'>Roma</span> <span class='ocrx_word' id='word_1_248' title='bbox 2923 1808 3154 1873; x_wconf 84' lang='lat' dir='ltr'>adhuc</span> <span class='ocrx_word' id='word_1_249' title='bbox 3218 1808 3461 1878; x_wconf 80' lang='lat' dir='ltr'>libera.</span> 
     </span>
     <span class='ocr_line' id='line_1_49' title="bbox 1924 1905 3460 1992; baseline 0.001 -20"><span class='ocrx_word' id='word_1_250' title='bbox 1924 1907 2121 1992; x_wconf 85' lang='lat' dir='ltr'>Quae</span> <span class='ocrx_word' id='word_1_251' title='bbox 2172 1908 2406 1972; x_wconf 90' lang='lat' dir='ltr'>omnia</span> <span class='ocrx_word' id='word_1_252' title='bbox 2451 1905 2495 1970; x_wconf 86' lang='lat' dir='ltr'><strong>fi</strong></span> <span class='ocrx_word' id='word_1_253' title='bbox 2556 1906 2691 1971; x_wconf 87' lang='lat' dir='ltr'>hoc</span> <span class='ocrx_word' id='word_1_254' title='bbox 2766 1906 3033 1970; x_wconf 88' lang='lat' dir='ltr'>Nauzei</span> <span class='ocrx_word' id='word_1_255' title='bbox 3085 1906 3460 1973; x_wconf 82' lang='lat' dir='ltr'>tentamine</span> 
     </span>
     <span class='ocr_line' id='line_1_50' title="bbox 1920 2001 3452 2094; baseline 0.001 -26"><span class='ocrx_word' id='word_1_256' title='bbox 1920 2005 2141 2094; x_wconf 87' lang='lat' dir='ltr'>legem</span> <span class='ocrx_word' id='word_1_257' title='bbox 2176 2005 2263 2070; x_wconf 86' lang='lat' dir='ltr'>sic</span> <span class='ocrx_word' id='word_1_258' title='bbox 2315 2024 2690 2093; x_wconf 84' lang='lat' dir='ltr'>accepere,</span> <span class='ocrx_word' id='word_1_259' title='bbox 2764 2015 2840 2067; x_wconf 90' lang='lat' dir='ltr'>ut</span> <span class='ocrx_word' id='word_1_260' title='bbox 2893 2001 3259 2068; x_wconf 86' lang='lat' dir='ltr'>dubitandi</span> <span class='ocrx_word' id='word_1_261' title='bbox 3307 2024 3452 2069; x_wconf 91' lang='lat' dir='ltr'>am·</span> 
     </span>
     <span class='ocr_line' id='line_1_51' title="bbox 1920 2098 3455 2190; baseline -0.001 -22"><span class='ocrx_word' id='word_1_262' title='bbox 1920 2104 2100 2190; x_wconf 91' lang='lat' dir='ltr'>plius</span> <span class='ocrx_word' id='word_1_263' title='bbox 2150 2106 2344 2169; x_wconf 89' lang='lat' dir='ltr'>locus</span> <span class='ocrx_word' id='word_1_264' title='bbox 2399 2122 2539 2167; x_wconf 87' lang='lat' dir='ltr'>non</span> <span class='ocrx_word' id='word_1_265' title='bbox 2593 2100 3049 2187; x_wconf 84' lang='lat' dir='ltr'>relinquatur,</span> <span class='ocrx_word' id='word_1_266' title='bbox 3142 2098 3455 2173; x_wconf 84' lang='lat' dir='ltr'>confiteri</span> 
     </span>
     <span class='ocr_line' id='line_1_52' title="bbox 1918 2196 3454 2285; baseline -0.001 -21"><span class='ocrx_word' id='word_1_267' title='bbox 1918 2202 2176 2266; x_wconf 84' lang='lat' dir='ltr'>necesse</span> <span class='ocrx_word' id='word_1_268' title='bbox 2210 2198 2335 2285; x_wconf 83' lang='lat' dir='ltr'>est,</span> <span class='ocrx_word' id='word_1_269' title='bbox 2385 2197 2634 2264; x_wconf 84' lang='lat' dir='ltr'>illustre</span> <span class='ocrx_word' id='word_1_270' title='bbox 2673 2196 3077 2264; x_wconf 87' lang='lat' dir='ltr'>beneficium</span> <span class='ocrx_word' id='word_1_271' title='bbox 3121 2199 3194 2262; x_wconf 85' lang='lat' dir='ltr'>in</span> <span class='ocrx_word' id='word_1_272' title='bbox 3231 2210 3454 2263; x_wconf 86' lang='lat' dir='ltr'>artem</span> 
     </span>
     <span class='ocr_line' id='line_1_53' title="bbox 1919 2295 3452 2384; baseline -0.002 -22"><span class='ocrx_word' id='word_1_273' title='bbox 1919 2297 2214 2364; x_wconf 83' lang='lat' dir='ltr'>nostram</span> <span class='ocrx_word' id='word_1_274' title='bbox 2262 2298 2394 2363; x_wconf 89' lang='lat' dir='ltr'>hac</span> <span class='ocrx_word' id='word_1_275' title='bbox 2450 2314 2668 2384; x_wconf 87' lang='lat' dir='ltr'>opera</span> <span class='ocrx_word' id='word_1_276' title='bbox 2734 2295 3086 2362; x_wconf 87' lang='lat' dir='ltr'>collatum.</span> <span class='ocrx_word' id='word_1_277' title='bbox 3190 2298 3452 2360; x_wconf 85' lang='lat' dir='ltr'>Verum</span> 
     </span>
     <span class='ocr_line' id='line_1_54' title="bbox 1918 2390 3449 2480; baseline -0.002 -22"><span class='ocrx_word' id='word_1_278' title='bbox 1918 2390 2064 2458; x_wconf 88' lang='lat' dir='ltr'>sunt</span> <span class='ocrx_word' id='word_1_279' title='bbox 2105 2416 2240 2458; x_wconf 91' lang='lat' dir='ltr'>non</span> <span class='ocrx_word' id='word_1_280' title='bbox 2283 2415 2546 2480; x_wconf 88' lang='lat' dir='ltr'>pauca,</span> <span class='ocrx_word' id='word_1_281' title='bbox 2601 2414 2777 2477; x_wconf 86' lang='lat' dir='ltr'>quae</span> <span class='ocrx_word' id='word_1_282' title='bbox 2831 2392 3146 2458; x_wconf 86' lang='lat' dir='ltr'>diffidere</span> <span class='ocrx_word' id='word_1_283' title='bbox 3196 2392 3303 2457; x_wconf 88' lang='lat' dir='ltr'>his</span> <span class='ocrx_word' id='word_1_284' title='bbox 3355 2392 3449 2456; x_wconf 90' lang='lat' dir='ltr'>le-</span> 
     </span>
     <span class='ocr_line' id='line_1_55' title="bbox 1918 2490 3451 2575; baseline 0.002 -24"><span class='ocrx_word' id='word_1_285' title='bbox 1918 2490 2115 2575; x_wconf 86' lang='lat' dir='ltr'>gibus</span> <span class='ocrx_word' id='word_1_286' title='bbox 2157 2504 2431 2575; x_wconf 90' lang='lat' dir='ltr'>cogunt,</span> <span class='ocrx_word' id='word_1_287' title='bbox 2487 2509 2798 2574; x_wconf 90' lang='lat' dir='ltr'>quaeque</span> <span class='ocrx_word' id='word_1_288' title='bbox 2830 2509 2939 2551; x_wconf 88' lang='lat' dir='ltr'>me</span> <span class='ocrx_word' id='word_1_289' title='bbox 2968 2492 3197 2573; x_wconf 86' lang='lat' dir='ltr'>judice</span> <span class='ocrx_word' id='word_1_290' title='bbox 3227 2490 3451 2575; x_wconf 83' lang='lat' dir='ltr'>magis</span> 
     </span>
     <span class='ocr_line' id='line_1_56' title="bbox 1920 2583 3448 2671; baseline -0.002 -21"><span class='ocrx_word' id='word_1_291' title='bbox 1920 2586 2150 2650; x_wconf 84' lang='lat' dir='ltr'>adhue</span> <span class='ocrx_word' id='word_1_292' title='bbox 2192 2587 2509 2650; x_wconf 89' lang='lat' dir='ltr'>videntur</span> <span class='ocrx_word' id='word_1_293' title='bbox 2558 2583 3002 2664; x_wconf 80' lang='lat' dir='ltr'>stabilienda,</span> <span class='ocrx_word' id='word_1_294' title='bbox 3054 2598 3448 2671; x_wconf 76' lang='lat' dir='ltr'>antequam</span> 
     </span>
     <span class='ocr_line' id='line_1_57' title="bbox 1917 2680 3450 2772; baseline 0.001 -25"><span class='ocrx_word' id='word_1_295' title='bbox 1917 2684 1986 2748; x_wconf 91' lang='lat' dir='ltr'>in</span> <span class='ocrx_word' id='word_1_296' title='bbox 2016 2683 2235 2772; x_wconf 88' lang='lat' dir='ltr'>legem</span> <span class='ocrx_word' id='word_1_297' title='bbox 2280 2684 2379 2747; x_wconf 88' lang='lat' dir='ltr'>ire</span> <span class='ocrx_word' id='word_1_298' title='bbox 2438 2682 2720 2769; x_wconf 78' lang='lat' dir='ltr'>possint.</span> <span class='ocrx_word' id='word_1_299' title='bbox 2805 2682 2920 2745; x_wconf 88' lang='lat' dir='ltr'>-En</span> <span class='ocrx_word' id='word_1_300' title='bbox 2980 2680 3227 2746; x_wconf 89' lang='lat' dir='ltr'>horum</span> <span class='ocrx_word' id='word_1_301' title='bbox 3284 2703 3450 2748; x_wconf 88' lang='lat' dir='ltr'>non·</span> 
     </span>
     <span class='ocr_line' id='line_1_58' title="bbox 1915 2778 3249 2866; baseline -0.002 -20"><span class='ocrx_word' id='word_1_302' title='bbox 1915 2782 2141 2860; x_wconf 87' lang='lat' dir='ltr'>nulla,</span> <span class='ocrx_word' id='word_1_303' title='bbox 2195 2782 2280 2845; x_wconf 93' lang='lat' dir='ltr'>de</span> <span class='ocrx_word' id='word_1_304' title='bbox 2317 2780 2559 2866; x_wconf 87' lang='lat' dir='ltr'>quibus</span> <span class='ocrx_word' id='word_1_305' title='bbox 2612 2778 2979 2844; x_wconf 85' lang='lat' dir='ltr'>arbitretur</span> <span class='ocrx_word' id='word_1_306' title='bbox 3009 2779 3249 2848; x_wconf 88' lang='lat' dir='ltr'>lector.</span> 
     </span>
    </p>

    <p class='ocr_par' dir='ltr' id='par_1_18' title="bbox 1899 2876 3510 4130">
     <span class='ocr_line' id='line_1_59' title="bbox 1970 2876 3447 2970; baseline 0 -28"><span class='ocrx_word' id='word_1_307' title='bbox 1970 2879 2064 2944; x_wconf 91' lang='lat'>·.1</span> <span class='ocrx_word' id='word_1_308' title='bbox 2121 2877 2524 2943; x_wconf 82' lang='lat' dir='ltr'>Consulares</span> <span class='ocrx_word' id='word_1_309' title='bbox 2566 2876 3073 2970; x_wconf 84' lang='lat' dir='ltr'>antiquissimos</span> <span class='ocrx_word' id='word_1_310' title='bbox 3095 2888 3295 2962; x_wconf 87' lang='lat' dir='ltr'>putat</span> <span class='ocrx_word' id='word_1_311' title='bbox 3321 2898 3447 2942; x_wconf 86' lang='lat' dir='ltr'>au-</span> 
     </span>
     <span class='ocr_line' id='line_1_60' title="bbox 1908 2975 3506 3066; baseline 0 -26"><span class='ocrx_word' id='word_1_312' title='bbox 1908 2987 2162 3060; x_wconf 60' lang='lat' dir='ltr'>reos,</span> <span class='ocrx_word' id='word_1_313' title='bbox 2228 2978 2400 3066; x_wconf 80' lang='lat' dir='ltr'>qui</span> <span class='ocrx_word' id='word_1_314' title='bbox 2425 2987 2634 3041; x_wconf 84' lang='lat' dir='ltr'>notas</span> <span class='ocrx_word' id='word_1_315' title='bbox 2742 2975 3211 3039; x_wconf 86' lang='lat' dir='ltr'>arithmeticas</span> <span class='ocrx_word' id='word_1_316' title='bbox 3274 2975 3436 3053; x_wconf 86' lang='lat' dir='ltr'>LX,</span> <span class='ocrx_word' id='word_1_317' title='bbox 3485 2997 3506 3004; x_wconf 88' lang='lat'><strong>·</strong></span> 
     </span>
     <span class='ocr_line' id='line_1_61' title="bbox 1910 3072 3442 3158; baseline 0.001 -22"><span class='ocrx_word' id='word_1_318' title='bbox 1910 3075 2202 3155; x_wconf 85' lang='lat' dir='ltr'><strong>XXXX,</strong></span> <span class='ocrx_word' id='word_1_319' title='bbox 2257 3073 2383 3137; x_wconf 84' lang='lat' dir='ltr'>XX</span> <span class='ocrx_word' id='word_1_320' title='bbox 2427 3072 2759 3150; x_wconf 87' lang='lat' dir='ltr'>offerunt,</span> <span class='ocrx_word' id='word_1_321' title='bbox 2813 3092 3067 3156; x_wconf 88' lang='lat' dir='ltr'>eosque</span> <span class='ocrx_word' id='word_1_322' title='bbox 3130 3074 3442 3158; x_wconf 85' lang='lat' dir='ltr'>epochae</span> 
     </span>
     <span class='ocr_line' id='line_1_62' title="bbox 1908 3164 3510 3258; baseline 0 -24"><span class='ocrx_word' id='word_1_323' title='bbox 1908 3172 2176 3257; x_wconf 87' lang='lat' dir='ltr'>primae</span> <span class='ocrx_word' id='word_1_324' title='bbox 2209 3169 2506 3255; x_wconf 84' lang='lat' dir='ltr'>subjicit,</span> <span class='ocrx_word' id='word_1_325' title='bbox 2560 3172 2743 3257; x_wconf 87' lang='lat' dir='ltr'>quod</span> <span class='ocrx_word' id='word_1_326' title='bbox 2791 3171 3108 3233; x_wconf 89' lang='lat' dir='ltr'>nimirum</span> <span class='ocrx_word' id='word_1_327' title='bbox 3145 3170 3265 3234; x_wconf 84' lang='lat' dir='ltr'>sub</span> <span class='ocrx_word' id='word_1_328' title='bbox 3337 3173 3440 3258; x_wconf 61' lang='lat' dir='ltr'>ipa</span> <span class='ocrx_word' id='word_1_329' title='bbox 3505 3164 3510 3170; x_wconf 65' lang='grc'><strong>’</strong></span> 
     </span>
     <span class='ocr_line' id='line_1_63' title="bbox 1908 3266 3435 3356; baseline 0.001 -26"><span class='ocrx_word' id='word_1_330' title='bbox 1908 3269 2051 3348; x_wconf 72' lang='lat' dir='ltr'>sum</span> <span class='ocrx_word' id='word_1_331' title='bbox 2093 3280 2415 3333; x_wconf 89' lang='lat' dir='ltr'>monetae</span> <span class='ocrx_word' id='word_1_332' title='bbox 2463 3287 2714 3331; x_wconf 89' lang='lat' dir='ltr'>aureae</span> <span class='ocrx_word' id='word_1_333' title='bbox 2773 3268 3133 3330; x_wconf 81' lang='lat' dir='ltr'>exordium</span> <span class='ocrx_word' id='word_1_334' title='bbox 3195 3266 3435 3356; x_wconf 81' lang='lat' dir='ltr'>signati</span> 
     </span>
     <span class='ocr_line' id='line_1_64' title="bbox 1908 3363 3435 3452; baseline 0.003 -25"><span class='ocrx_word' id='word_1_335' title='bbox 1908 3366 2070 3431; x_wconf 87' lang='lat' dir='ltr'>sunt.</span> <span class='ocrx_word' id='word_1_336' title='bbox 2172 3368 2268 3430; x_wconf 86' lang='lat' dir='ltr'>At</span> <span class='ocrx_word' id='word_1_337' title='bbox 2299 3385 2467 3432; x_wconf 76' lang='lat' dir='ltr'>vero</span> <span class='ocrx_word' id='word_1_338' title='bbox 2508 3365 2683 3427; x_wconf 92' lang='lat' dir='ltr'>haec</span> <span class='ocrx_word' id='word_1_339' title='bbox 2742 3363 3055 3428; x_wconf 86' lang='lat' dir='ltr'>doctrina</span> <span class='ocrx_word' id='word_1_340' title='bbox 3110 3364 3435 3452; x_wconf 72' lang='lat' dir='ltr'>disperit,</span> 
     </span>
     <span class='ocr_line' id='line_1_65' title="bbox 1907 3459 3444 3546; baseline 0.001 -22"><span class='ocrx_word' id='word_1_341' title='bbox 1907 3462 1949 3524; x_wconf 82' lang='lat' dir='ltr'>si</span> <span class='ocrx_word' id='word_1_342' title='bbox 1991 3484 2226 3527; x_wconf 86' lang='lat' dir='ltr'>verum</span> <span class='ocrx_word' id='word_1_343' title='bbox 2264 3460 2380 3540; x_wconf 82' lang='lat' dir='ltr'>est,</span> <span class='ocrx_word' id='word_1_344' title='bbox 2432 3462 2618 3545; x_wconf 88' lang='lat' dir='ltr'>quod</span> <span class='ocrx_word' id='word_1_345' title='bbox 2650 3459 2960 3546; x_wconf 87' lang='lat' dir='ltr'>plerique</span> <span class='ocrx_word' id='word_1_346' title='bbox 3000 3478 3178 3524; x_wconf 88' lang='lat' dir='ltr'>nune</span> <span class='ocrx_word' id='word_1_347' title='bbox 3224 3461 3444 3525; x_wconf 82' lang='lat' dir='ltr'>existi-</span> 
     </span>
     <span class='ocr_line' id='line_1_66' title="bbox 1905 3556 3444 3646; baseline 0.002 -25"><span class='ocrx_word' id='word_1_348' title='bbox 1905 3572 2139 3639; x_wconf 89' lang='lat' dir='ltr'>mant,</span> <span class='ocrx_word' id='word_1_349' title='bbox 2192 3558 2590 3646; x_wconf 86' lang='lat' dir='ltr'>praeclaros</span> <span class='ocrx_word' id='word_1_350' title='bbox 2635 3556 2763 3621; x_wconf 89' lang='lat' dir='ltr'>hos</span> <span class='ocrx_word' id='word_1_351' title='bbox 2793 3576 3039 3619; x_wconf 88' lang='lat' dir='ltr'>numos</span> <span class='ocrx_word' id='word_1_352' title='bbox 3064 3557 3134 3619; x_wconf 88' lang='lat' dir='ltr'>in</span> <span class='ocrx_word' id='word_1_353' title='bbox 3162 3571 3444 3625; x_wconf 84' lang='lat' dir='ltr'>moneta</span> 
     </span>
     <span class='ocr_line' id='line_1_67' title="bbox 1904 3652 3438 3741; baseline 0 -23"><span class='ocrx_word' id='word_1_354' title='bbox 1904 3656 2226 3718; x_wconf 89' lang='lat' dir='ltr'>Romana</span> <span class='ocrx_word' id='word_1_355' title='bbox 2263 3656 2610 3741; x_wconf 88' lang='lat' dir='ltr'>putandos</span> <span class='ocrx_word' id='word_1_356' title='bbox 2653 3673 2791 3716; x_wconf 89' lang='lat' dir='ltr'>non</span> <span class='ocrx_word' id='word_1_357' title='bbox 2828 3652 2955 3715; x_wconf 78' lang='lat' dir='ltr'>esse</span> <span class='ocrx_word' id='word_1_358' title='bbox 2984 3700 3006 3731; x_wconf 90' lang='lat'>,</span> <span class='ocrx_word' id='word_1_359' title='bbox 3060 3664 3129 3715; x_wconf 91' lang='lat' dir='ltr'>et</span> <span class='ocrx_word' id='word_1_360' title='bbox 3178 3652 3438 3718; x_wconf 85' lang='lat' dir='ltr'>haben-</span> 
     </span>
     <span class='ocr_line' id='line_1_68' title="bbox 1906 3748 3449 3839; baseline 0 -25"><span class='ocrx_word' id='word_1_361' title='bbox 1906 3751 2030 3815; x_wconf 88' lang='lat' dir='ltr'>dos</span> <span class='ocrx_word' id='word_1_362' title='bbox 2067 3753 2300 3837; x_wconf 86' lang='lat' dir='ltr'>potius</span> <span class='ocrx_word' id='word_1_363' title='bbox 2346 3771 2638 3839; x_wconf 85' lang='lat' dir='ltr'>magnae</span> <span class='ocrx_word' id='word_1_364' title='bbox 2673 3748 3048 3833; x_wconf 83' lang='lat' dir='ltr'>Graeciae,</span> <span class='ocrx_word' id='word_1_365' title='bbox 3113 3761 3250 3813; x_wconf 67' lang='lat' dir='ltr'>aut</span> <span class='ocrx_word' id='word_1_366' title='bbox 3279 3749 3449 3814; x_wconf 82' lang='lat' dir='ltr'>Sici·</span> 
     </span>
     <span class='ocr_line' id='line_1_69' title="bbox 1902 3844 3440 3927; baseline 0.001 -17"><span class='ocrx_word' id='word_1_367' title='bbox 1902 3848 2037 3912; x_wconf 86' lang='lat' dir='ltr'>liae</span> <span class='ocrx_word' id='word_1_368' title='bbox 2074 3848 2401 3912; x_wconf 81' lang='lat' dir='ltr'>sobolem.</span> <span class='ocrx_word' id='word_1_369' title='bbox 2493 3846 2792 3912; x_wconf 43' lang='lat' dir='ltr'>,Causam</span> <span class='ocrx_word' id='word_1_370' title='bbox 2827 3844 3162 3912; x_wconf 87' lang='lat' dir='ltr'>&#39;adferunt</span> <span class='ocrx_word' id='word_1_371' title='bbox 3194 3895 3217 3927; x_wconf 94' lang='lat'>,</span> <span class='ocrx_word' id='word_1_372' title='bbox 3300 3867 3440 3912; x_wconf 89' lang='lat' dir='ltr'>non</span> 
     </span>
     <span class='ocr_line' id='line_1_70' title="bbox 1902 3939 3439 4033; baseline 0 -25"><span class='ocrx_word' id='word_1_373' title='bbox 1902 3947 2113 4010; x_wconf 89' lang='lat' dir='ltr'>modo</span> <span class='ocrx_word' id='word_1_374' title='bbox 2162 3946 2348 4030; x_wconf 80' lang='lat' dir='ltr'>quod</span> <span class='ocrx_word' id='word_1_375' title='bbox 2377 3947 2606 4031; x_wconf 87' lang='lat' dir='ltr'>operis</span> <span class='ocrx_word' id='word_1_376' title='bbox 2642 3939 2713 4008; x_wconf 88' lang='lat' dir='ltr'>in</span> <span class='ocrx_word' id='word_1_377' title='bbox 2751 3944 2836 4008; x_wconf 89' lang='lat' dir='ltr'>iis</span> <span class='ocrx_word' id='word_1_378' title='bbox 2871 3944 3132 4008; x_wconf 87' lang='lat' dir='ltr'>summa</span> <span class='ocrx_word' id='word_1_379' title='bbox 3170 3944 3439 4033; x_wconf 86' lang='lat' dir='ltr'>elegan-</span> 
     </span>
     <span class='ocr_line' id='line_1_71' title="bbox 1899 4040 3442 4130; baseline -0.001 -23"><span class='ocrx_word' id='word_1_380' title='bbox 1899 4044 1996 4108; x_wconf 88' lang='lat' dir='ltr'>tia</span> <span class='ocrx_word' id='word_1_381' title='bbox 2041 4041 2181 4125; x_wconf 79' lang='lat' dir='ltr'>ejus</span> <span class='ocrx_word' id='word_1_382' title='bbox 2226 4044 2569 4130; x_wconf 88' lang='lat' dir='ltr'>ingenium</span> <span class='ocrx_word' id='word_1_383' title='bbox 2607 4041 2731 4122; x_wconf 84' lang='lat' dir='ltr'>soli</span> <span class='ocrx_word' id='word_1_384' title='bbox 2766 4040 2927 4112; x_wconf 85' lang='lat' dir='ltr'>satis</span> <span class='ocrx_word' id='word_1_385' title='bbox 2963 4062 3050 4107; x_wconf 81' lang='lat' dir='ltr'>ex</span> <span class='ocrx_word' id='word_1_386' title='bbox 3080 4044 3302 4106; x_wconf 90' lang='lat' dir='ltr'>numis</span> <span class='ocrx_word' id='word_1_387' title='bbox 3338 4044 3442 4130; x_wconf 89' lang='lat' dir='ltr'>ip·</span> 
     </span>
    </p>
   </div>
   <div class='ocr_carea' id='block_1_13' title="bbox 202 4136 3441 4425">
    <p class='ocr_par' dir='ltr' id='par_1_19' title="bbox 202 4136 3441 4425">
     <span class='ocr_line' id='line_1_72' title="bbox 202 4136 3441 4229; baseline -0.002 -18"><span class='ocrx_word' id='word_1_388' title='bbox 202 4221 211 4226; x_wconf 45' lang='lat'>,</span> <span class='ocrx_word' id='word_1_389' title='bbox 283 4145 723 4211; x_wconf 85' lang='lat' dir='ltr'>Constantino</span> <span class='ocrx_word' id='word_1_390' title='bbox 756 4145 857 4208; x_wconf 88' lang='lat' dir='ltr'>M.</span> <span class='ocrx_word' id='word_1_391' title='bbox 895 4143 1148 4206; x_wconf 86' lang='lat' dir='ltr'>invecti</span> <span class='ocrx_word' id='word_1_392' title='bbox 1183 4142 1327 4207; x_wconf 80' lang='lat' dir='ltr'>sunt</span> <span class='ocrx_word' id='word_1_393' title='bbox 1358 4137 1556 4206; x_wconf 79' lang='lat' dir='ltr'>solidi</span> <span class='ocrx_word' id='word_1_394' title='bbox 1590 4142 1810 4222; x_wconf 89' lang='lat' dir='ltr'>aurei,</span> <span class='ocrx_word' id='word_1_395' title='bbox 1897 4140 1976 4205; x_wconf 88' lang='lat' dir='ltr'>sis</span> <span class='ocrx_word' id='word_1_396' title='bbox 1997 4141 2339 4228; x_wconf 85' lang='lat' dir='ltr'>cognitum</span> <span class='ocrx_word' id='word_1_397' title='bbox 2359 4140 2628 4229; x_wconf 88' lang='lat' dir='ltr'>penitus</span> <span class='ocrx_word' id='word_1_398' title='bbox 2647 4136 2929 4219; x_wconf 81' lang='lat' dir='ltr'>referat,</span> <span class='ocrx_word' id='word_1_399' title='bbox 2954 4151 3160 4226; x_wconf 85' lang='lat' dir='ltr'>atque</span> <span class='ocrx_word' id='word_1_400' title='bbox 3177 4138 3312 4204; x_wconf 88' lang='lat' dir='ltr'>hae</span> <span class='ocrx_word' id='word_1_401' title='bbox 3333 4160 3441 4204; x_wconf 85' lang='lat' dir='ltr'>re-</span> 
     </span>
     <span class='ocr_line' id='line_1_73' title="bbox 276 4235 3436 4329; baseline -0.004 -21"><span class='ocrx_word' id='word_1_402' title='bbox 276 4243 389 4308; x_wconf 88' lang='lat' dir='ltr'>sed</span> <span class='ocrx_word' id='word_1_403' title='bbox 427 4262 716 4329; x_wconf 87' lang='lat' dir='ltr'>quorum</span> <span class='ocrx_word' id='word_1_404' title='bbox 769 4241 948 4304; x_wconf 88' lang='lat' dir='ltr'>ratio</span> <span class='ocrx_word' id='word_1_405' title='bbox 1010 4258 1057 4303; x_wconf 89' lang='lat' dir='ltr'>a</span> <span class='ocrx_word' id='word_1_406' title='bbox 1108 4241 1460 4326; x_wconf 88' lang='lat' dir='ltr'>praesente</span> <span class='ocrx_word' id='word_1_407' title='bbox 1508 4235 1807 4304; x_wconf 77' lang='lat' dir='ltr'>instituto</span> <span class='ocrx_word' id='word_1_408' title='bbox 1894 4240 2131 4328; x_wconf 85' lang='lat' dir='ltr'>giones</span> <span class='ocrx_word' id='word_1_409' title='bbox 2158 4250 2668 4303; x_wconf 83' lang='lat' dir='ltr'>numos&#39;aureos</span> <span class='ocrx_word' id='word_1_410' title='bbox 2694 4255 2829 4323; x_wconf 78' lang='lat' dir='ltr'>non</span> <span class='ocrx_word' id='word_1_411' title='bbox 2877 4237 3122 4324; x_wconf 80' lang='lat' dir='ltr'>exiguo</span> <span class='ocrx_word' id='word_1_412' title='bbox 3142 4257 3436 4302; x_wconf 85' lang='lat' dir='ltr'>numero.</span> 
     </span>
     <span class='ocr_line' id='line_1_74' title="bbox 279 4334 3438 4425; baseline -0.001 -21"><span class='ocrx_word' id='word_1_413' title='bbox 279 4341 549 4419; x_wconf 89' lang='lat' dir='ltr'>aliena,</span> <span class='ocrx_word' id='word_1_414' title='bbox 605 4351 673 4403; x_wconf 92' lang='lat' dir='ltr'>et</span> <span class='ocrx_word' id='word_1_415' title='bbox 705 4340 792 4403; x_wconf 85' lang='lat' dir='ltr'>de</span> <span class='ocrx_word' id='word_1_416' title='bbox 849 4356 989 4422; x_wconf 87' lang='lat' dir='ltr'>qua</span> <span class='ocrx_word' id='word_1_417' title='bbox 1036 4337 1309 4425; x_wconf 87' lang='lat' dir='ltr'>copiose</span> <span class='ocrx_word' id='word_1_418' title='bbox 1340 4338 1485 4425; x_wconf 89' lang='lat' dir='ltr'>agit</span> <span class='ocrx_word' id='word_1_419' title='bbox 1538 4334 1622 4401; x_wconf 85' lang='lat' dir='ltr'>cl.</span> <span class='ocrx_word' id='word_1_420' title='bbox 1659 4336 1808 4400; x_wconf 86' lang='lat' dir='ltr'>Du·</span> <span class='ocrx_word' id='word_1_421' title='bbox 1894 4336 2235 4416; x_wconf 89' lang='lat' dir='ltr'>dederint,</span> <span class='ocrx_word' id='word_1_422' title='bbox 2289 4355 2529 4400; x_wconf 75' lang='lat' dir='ltr'>verum</span> <span class='ocrx_word' id='word_1_423' title='bbox 2565 4337 2801 4415; x_wconf 87' lang='lat' dir='ltr'>etiam,</span> <span class='ocrx_word' id='word_1_424' title='bbox 2852 4336 3042 4420; x_wconf 63' lang='lat' dir='ltr'>&gt;quod</span> <span class='ocrx_word' id='word_1_425' title='bbox 3078 4335 3237 4399; x_wconf 88' lang='lat' dir='ltr'>satis</span> <span class='ocrx_word' id='word_1_426' title='bbox 3274 4354 3438 4400; x_wconf 88' lang='lat' dir='ltr'>con-</span> 
     </span>
    </p>
   </div>
   <div class='ocr_carea' id='block_1_14' title="bbox 274 4430 561 4524">
    <p class='ocr_par' dir='ltr' id='par_1_20' title="bbox 274 4430 561 4524">
     <span class='ocr_line' id='line_1_75' title="bbox 274 4430 561 4524; baseline -0.014 0"><span class='ocrx_word' id='word_1_427' title='bbox 274 4430 444 4524; x_wconf 73' lang='lat' dir='ltr'><strong>P&#39;uy·</strong></span> <span class='ocrx_word' id='word_1_428' title='bbox 495 4434 561 4520; x_wconf 81' lang='lat'>⁸)</span> 
     </span>
    </p>
   </div>
   <div class='ocr_carea' id='block_1_15' title="bbox 1893 4430 3436 4518">
    <p class='ocr_par' dir='ltr' id='par_1_21' title="bbox 1893 4430 3436 4518">
     <span class='ocr_line' id='line_1_76' title="bbox 1893 4430 3436 4518; baseline -0.002 -20"><span class='ocrx_word' id='word_1_429' title='bbox 1893 4431 2057 4513; x_wconf 81' lang='lat' dir='ltr'>stat,</span> <span class='ocrx_word' id='word_1_430' title='bbox 2110 4433 2281 4512; x_wconf 89' lang='lat' dir='ltr'>hos,</span> <span class='ocrx_word' id='word_1_431' title='bbox 2336 4434 2422 4497; x_wconf 92' lang='lat' dir='ltr'>de</span> <span class='ocrx_word' id='word_1_432' title='bbox 2487 4430 2732 4518; x_wconf 78' lang='lat' dir='ltr'>quibus</span> <span class='ocrx_word' id='word_1_433' title='bbox 2802 4434 3108 4518; x_wconf 85' lang='lat' dir='ltr'>agimus,</span> <span class='ocrx_word' id='word_1_434' title='bbox 3181 4449 3436 4496; x_wconf 84' lang='lat' dir='ltr'>numos.</span> 
     </span>
    </p>
   </div>
   <div class='ocr_carea' id='block_1_16' title="bbox 279 4567 3392 4602">
    <p class='ocr_par' dir='ltr' id='par_1_22' title="bbox 279 4567 3392 4602">
     <span class='ocr_line' id='line_1_77' title="bbox 279 4567 3392 4602; baseline 0 848"><span class='ocrx_word' id='word_1_435' title='bbox 279 4567 3392 4602; x_wconf 95' lang='lat' dir='ltr'> </span> 
     </span>
    </p>
   </div>
   <div class='ocr_carea' id='block_1_17' title="bbox 292 4597 1339 4815">
    <p class='ocr_par' dir='ltr' id='par_1_23' title="bbox 292 4597 1339 4815">
     <span class='ocr_line' id='line_1_78' title="bbox 292 4597 1339 4722; baseline 0.003 -20"><span class='ocrx_word' id='word_1_436' title='bbox 292 4709 307 4720; x_wconf 60' lang='grc'><strong><em>,</em></strong></span> <span class='ocrx_word' id='word_1_437' title='bbox 343 4597 504 4715; x_wconf 53' lang='grc'><strong>113.</strong></span> <span class='ocrx_word' id='word_1_438' title='bbox 544 4647 610 4709; x_wconf 85' lang='lat' dir='ltr'>L.</span> <span class='ocrx_word' id='word_1_439' title='bbox 650 4624 825 4709; x_wconf 78' lang='lat' dir='ltr'>rom.</span> <span class='ocrx_word' id='word_1_440' title='bbox 858 4649 1139 4707; x_wconf 77' lang='lat' dir='ltr'>xxvm.</span> <span class='ocrx_word' id='word_1_441' title='bbox 1176 4649 1339 4722; x_wconf 74' lang='lat'><strong>⁶98·-</strong></span> 
     </span>
     <span class='ocr_line' id='line_1_79' title="bbox 371 4724 863 4815; baseline -0.004 -21"><span class='ocrx_word' id='word_1_442' title='bbox 371 4725 563 4815; x_wconf 76' lang='lat' dir='ltr'>(Vol.</span> <span class='ocrx_word' id='word_1_443' title='bbox 609 4724 748 4812; x_wconf 84' lang='lat' dir='ltr'>V.)</span> <span class='ocrx_word' id='word_1_444' title='bbox 860 4808 863 4811; x_wconf 8' lang='grc' dir='ltr'><em>Α</em></span> 
     </span>
    </p>
   </div>
   <div class='ocr_carea' id='block_1_18' title="bbox 2991 4717 3054 4783">
    <p class='ocr_par' dir='ltr' id='par_1_24' title="bbox 2991 4717 3054 4783">
     <span class='ocr_line' id='line_1_80' title="bbox 2991 4717 3054 4783; baseline 0 0"><span class='ocrx_word' id='word_1_445' title='bbox 2991 4717 3054 4783; x_wconf 83' lang='grc' dir='ltr'>Ε</span> 
     </span>
    </p>
   </div>
  </div>
 </body>
</html>
