4175 5450
1594 581 2240 698 LIVJNEI'A.

3335 610 3483 709 '⁹35

1472 988 2422 1120 LIVINEIA..

445 1198 628 1266 Gens
662 1193 958 1288 plebeia.
1026 1197 1456 1287 Cognomina
1494 1195 1564 1261 in
1603 1196 1871 1262 numia:
1956 1216 2122 1261 xere
2154 1195 2309 1281 typi
2355 1194 2748 1263 Morelliani
2773 1245 2796 1276 ‚
2844 1200 2916 1263 in
2959 1202 3202 1285 quibus
3244 1227 3493 1278 exara-

345 1297 627 1386 Regulus
640 1346 662 1379 ,
717 1290 970 1368 Gallus.

696 1459 703 1466 ·
828 1456 836 1464 ·
913 1448 946 1482 n
1272 1442 1308 1479 n

345 1489 650 1580 Regulus.
1082 1557 1087 1560 ,

647 1588 730 1654 L.
754 1586 1366 1655 REGVLVS.PR.
1410 1584 1613 1673 caput
1652 1583 1882 1652 nudum

641 1686 954 1767 imber-be,
1028 1686 1243 1774 (saepe
1284 1683 1442 1774 abest
1487 1680 1881 1770 epigraphe)

641 1783 713 1844 in
743 1783 929 1848 alio:
987 1786 1190 1870 Caput
1209 1784 1529 1871 juvenile,
1572 1801 1736 1865 pone
1752 1780 1883 1869 fie-

639 1888 882 1964 pirum.

345 1974 428 2042 L.
466 1973 940 2041 LIVINEIVS.
992 1971 1433 2042 REGVLVS.
1495 1973 1659 2043 SeHa
1704 1973 1886 2042 curu‘·

350 2073 430 2136 lis
445 2116 469 2156 ‚
523 2069 664 2138 hinc
694 2083 755 2138 et
786 2073 954 2139 illinc
1011 2083 1144 2142 tres
1174 2073 1370 2160 fasces
1385 2077 1517 2163 fine
1531 2074 1882 2164 securibus.

350 2172 503 2237 AV.
564 2166 1042 2253 (Pembrock.)
1094 2171 1367 2235 RRRR.
1421 2174 1567 2238 AR.
1609 2171 1692 2239 C.

489 2327 492 2332 .
656 2265 858 2348 Caput
898 2267 1082 2340 idm,
1300 2341 1303 2344 Α

354 2360 439 2425 L.
482 2357 926 2432 REGVLVS.
978 2362 1128 2426 Duo
1168 2359 1470 2427 luctantes
1509 2382 1645 2427 cum
1682 2361 1884 2439 leone,

355 2454 627 2545 tigride,
683 2466 895 2530 tauro,
994 2459 1143 2519 AR.
1186 2455 1268 2523 C.

536 2573 541 2578 ·
656 2556 855 2639 Caput
888 2551 1070 2618 idem.

360 2652 441 2715 L.
479 2651 957 2715 LIVINElVS.
1003 2646 1444 2714 REGV-LVS.
1496 2648 1761 2716 Medius
1791 2652 1885 2714 in·

306 2752 312 2757 ’
359 2759 459 2816 ter
503 2748 665 2815 duas
686 2748 922 2835 spicas.
962 2748 967 2755 ’
1021 2749 1173 2816 AR.
1232 2745 1308 2810 C.
1472 2812 1485 2816 ,

457 2846 797 2935 Ιίςβὶιιιεω·
832 2848 1017 2911 ctiam
1048 2864 1091 2909 a
1148 2844 1452 2931 Trajcmo.
1520 2842 1886 2931 (Theupo·

356 2942 466 3026 li.)
520 2944 792 3006 3333.

657 3037 733 3105 L.
778 3039 1218 3109 REGVLVS.
1256 3040 1394 3104 PR.
1450 3040 1652 3129 Caput
1702 3039 1887 3107 idem.

362 3134 809 3202 REGVLVS.
864 3139 942 3203 F.
1000 3139 1320 3203 PRAEF.
1364 3139 1506 3199 VR.
1561 3137 1723 3201 Sella
1785 3155 1884 3200 cu·

360 3236 524 3301 ralis
551 3279 568 3306 ‚
602 3232 795 3320 super
838 3256 963 3321 qua
1000 3255 1231 3302 corona
1250 3283 1268 3313 ‚
1319 3233 1459 3299 hinc
1503 3244 1561 3300 et
1590 3235 1751 3300 illinc
1762 3231 1886 3318 fa·

339 3332 485 3421 sees
493 3332 625 3420 fine
638 3331 985 3418 securibus.
1086 3334 1236 3396 AR.
1281 3332 1428 3394 RR.

657 3429 859 3509 Caput
895 3428 948 3491 I.
985 3428 1301 3513 Caesaris,
1347 3444 1506 3508 prae
1540 3446 1663 3509 quo
1694 3422 1886 3489 cadu-

655 3540 790 3585 ceus
818 3567 837 3598 ‚
884 3542 1042 3605 pone
1076 3541 1297 3585 ramus
1338 3521 1524 3582 lauri.

367 3619 448 3684 L.
500 3616 979 3681 LIVINEIVS.
1014 3615 1455 3682 REGVLVS.
1494 3619 1639 3681 Bos·
1668 3631 1892 3678 cornu«-

356 3727 531 3804 peta.
634 3714 895 3779 ΑΚΒ.
1510 3748 1517 3752 ·

466 3817 558 3877 Vt
611 3823 868 3895 certum
913 3807 1044 3887 est,
1099 3821 1306 3896 caput
1347 3809 1665 3891 amicae,
1709 3807 1896 3892 quod

356 3908 460 3981 ,est
502 3910 569 3972 in
606 3909 710 3971 his
749 3907 970 3970 uumis
996 3954 1016 3984 ,
1071 3906 1196 3969 elle
1245 3903 1622 3973 vetustioris
1668 3906 1890 3984 cujus-

370 4010 563 4094 piam
603 4004 891 4090 Reguli‚
945 4004 1046 4067 ita
1081 4004 1231 4087 quis
1288 4005 1398 4068 hic
1436 4001 1683 4078 fuerit,
1754 4001 1896 4086 pla·

374 4124 460 4167 ne
506 4105 878 4188 ignoratur.
983 4102 1301 4181 Adjectas
1346 4101 1574 4163 literas
1594 4100 1731 4161 PR.
1758 4098 1895 4162 Ha·

371 4218 780 4282 vel-campus
824 4197 1143 4283 legendas
1197 4198 1459 4260 censet:
1515 4197 1711 4260 Pater
1780 4196 1896 4259 Re-

228 4306 237 4317 ·
363 4294 549 4380 guli,
606 4307 970 4380 propterea
1012 4294 1197 4379 quod
1235 4296 1305 4357 iu
1355 4292 1595 4358 aversa
1654 4291 1899 4377 legitur

374 4389 819 4456 REGVLVS.
860 4391 1082 4458 Filius.
1199 4391 1277 4454 ln
1333 4389 1651 4454 fraudem
1707 4389 1896 4451 indu·

438 4602 497 4673 a)
530 4601 597 4656 L.
633 4601 849 4665 XLIII,
886 4604 917 4673 §
959 4616 1050 4671 28,

1244 4603 1305 4671 b)
1340 4605 1413 4667 Τ.
1452 4606 1529 4658 11.
1565 4623 1627 4680 p,
1670 4605 1786 4658 106·
1824 4599 1934 4671 seq·
1969 4574 1976 4589 ι

1960 1306 2106 1357 tum
2144 1293 2223 1356 P.
2260 1293 2345 1356 R.
2445 1295 2701 1358 Verum
2733 1296 2804 1360 in
2865 1298 3084 1365 tribus
3144 1304 3490 1393 integerri-

1960 1392 2097 1476 mis
2141 1389 2347 1454 musei
2407 1386 2739 1457 Caesarei·
2767 1391 2856 1457 est
2898 1395 3039 1461 PR.
3092 1397 3222 1464 fine
3264 1407 3496 1471 medio
3631 1373 3637 1377 Ι

1960 1498 2244 1576 puncto,
2385 1486 2731 1569 Quocirca
2819 1491 3181 1580 legendum
3268 1503 3499 1585 potius

1960 1586 2285 1651 PRaetor.
2405 1584 2846 1672 Epigraphen
2928 1594 3207 1657 aversae
3269 1593 3491 1684 legen-

1965 1685 2128 1747 dam
2182 1682 2628 1749 REGVLVS.
2670 1685 2921 1763 Filius,
2975 1700 3043 1751 et
3088 1691 3379 1756 indicari
3415 1694 3496 1760 L.

1961 1781 2207 1866 Reguli
2245 1783 2587 1869 praetoris
2630 1781 2870 1862 filium,
2925 1784 3206 1852 dubium
3238 1810 3375 1854 non
3396 1796 3495 1855 vi-

1965 1879 2190 1952 detur,
2292 1878 2404 1943 Sic
2444 1891 2512 1943 et
2551 1879 2619 1942 in
2662 1881 2886 1943 numis
2926 1884 3143 1967 gentis
3175 1886 3498 1951 Valeriae

1963 1976 2210 2061 legitur
2252 1974 2634 2039 MESSAL.
2666 1976 2747 2045 F.
2851 1977 2941 2040 Hi
2977 1998 3137 2064 ergo
3174 1984 3382 2068 numi,
3427 1982 3498 2046 fi·

1965 2072 2154 2158 gnati
2195 2071 2343 2134 sunt
2397 2070 2485 2133 ab
2541 2072 2753 2136 eovL.
2809 2074 3074 2159 Regulo
3109 2124 3130 2156 ‚
3201 2080 3356 2162 qui,
3430 2093 3506 2143 ut

1929 2169 2282 2234 .additum
2319 2168 2641 2233 PRAEF.
2686 2169 2835 2233 VR.
2893 2172 3151 2264 innuit,
3218 2195 3306 2238 ex
3358 2178 3503 2239 Ha·
3646 2257 3654 2272 ι

1969 2267 2328 2350 vercampi
2376 2263 2703 2334 sententia
2752 2262 2880 2330 fuit
2923 2289 3093 2333 uuus
3161 2291 3247 2335 ex
3298 2292 3507 2358 prae.

1967 2357 2171 2423 fectis
2206 2361 2431 2442 urbis,
2484 2362 2747 2447 quosl.
2793 2362 3042 2430 Caesar
3079 2369 3147 2431 in
3192 2369 3507 2458 Hispani·

1973 2474 2049 2528 as
2091 2455 2439 2539 profectus
2479 2460 2548 2520 in
2615 2458 2781 2522 urbe
2835 2463 3242 2547 reliquerat,
3293 2479 3368 2528 ut
3406 2485 3505 2528 re-

1971 2548 2111 2612 fert
2153 2547 2290 2616 Di'o
2315 2602 2335 2632 ‚
2389 2551 2452 2635 ⁸)
2510 2556 2759 2640 quique
2789 2559 2893 2637 jus
2933 2559 3248 2623 lictorum
3287 2574 3355 2623 et
3392 2560 3507 2624 sel-

1970 2645 2351 2713 laecurulis
2381 2650 2494 2715 libi
2527 2653 2962 2740 sumpserunt,
3014 2668 3089 2718 ut
3123 2657 3316 2738 hujus
3336 2676 3504 2741 quo-

1978 2766 2110 2830 que
2152 2748 2390 2833 Reguli
2429 2752 2612 2813 numi
2650 2752 2898 2814 docere
2926 2754 3264 2830 videntur,
3300 2774 3510 2839 quam

1978 2847 2436 2925 conjecturam
2482 2847 2757 2912 uberius
2823 2851 3141 2935 proposui
3203 2851 3401 2938 supra
3427 2852 3513 2933 ⁸iu

1978 2939 2198 3005 Cefli'a
2225 2988 2245 3018 ,
2303 2942 2413 3004 niti
2455 2943 2637 3008 forte
2675 2946 2786 3009 hie
2830 2958 3039 3031 typus
3094 2949 3163 3011 in
3203 2946 3514 3033 praesen·

1977 3039 2161 3102 tibus
2200 3039 2495 3104 denariis
2532 3043 2759 3104 verius
2801 3046 2889 3106 ad
2931 3057 3322 3128 praeturam
3389 3064 3512 3130 pa·

1979 3138 2100 3199 tris
2136 3135 2382 3221 Reguli
2425 3140 2737 3223 pertinet,
2793 3141 3162 3225 praecipue
3201 3142 3384 3224 quod
3408 3138 3516 3203 fa·

1946 3231 2114 3295 'fces
2153 3232 2489 3296 securibus
2520 3229 2774 3308 carent,
2829 3257 3001 3320 quas
3036 3257 3079 3299 a
3112 3251 3510 3323 praetorum

1977 3328 2394 3392 urbanorum
2418 3327 2711 3392 fascibus
2737 3330 3022 3395 abfuiss'e
3059 3334 3260 3397 docet
3287 3335 3512 3420 Span-

1979 3424 2273 3485 hemiuS.
2325 3413 2391 3504 1’)
2496 3427 2898 3489 venationis
2920 3442 3092 3510 typo
3123 3429 3515 3493 indicantur

1979 3517 2161 3580 forte
2209 3517 2571 3604 magnifica
2624 3512 2908 3583 munera
2970 3542 3024 3585 a.
3087 3523 3136 3585 1.
3224 3523 3511 3589 Caesare

1985 3614 2192 3676 edita.
2296 3616 2604 3677 Taurum
2650 3618 2849 3681 numi,
2870 3614 3185 3702 postremi
3214 3619 3518 3703 exphcat

1984 3709 2507 3794 Havereampus
2558 3730 2642 3774 ex
2700 3713 3259 3777 Pliniordocente
3292 3762 3310 3792 ‚
3381 3716 3516 3801 pri·

1986 3825 2168 3869 mum
2208 3807 2563 3872 caesarem
2604 3810 2872 3873 Romae·
2904 3811 3360 3896 spectaculum
3389 3815 3515 3877 de·

1987 3904 2147 3966 din‘e
2188 3902 2657 3979 Theffalerum
2689 3918 2923 3970 tauros
2971 3910 3145 3972 mira
3199 3921 3345 3973 arte
3404 3931 3515 3975 ne·

1989 4004 2314 4067 cantium.
2392 4007 2446 4080 ⁶)
2548 4006 2800 4066 Verum
2853 4005 3036 4068 idem
3114 4007 3227 4069 hic
3307 4020 3518 4092 typus

1985 4095 2305 4183 frequens
2341 4096 2429 4163 est
2470 4099 2675 4163 etiam
2713 4101 2782 4163 in
2845 4100 3069 4167 numis
3113 4099 3413 4189 Augusti.

2745 4196 2776 4230 ἢ

2286 4242 2361 4358 c.
2402 4248 2775 4359 CAE*sAR.
2825 4250 3110 4359 111'37113.
3173 4297 3257 4361 3.
3307 4296 3385 4362 Ρ.
3432 4295 3513 4364 c,

2281 4390 2486 4475 Caput
2523 4392 2852 4457 Octaviam
2898 4392 3132 4459 modice
3153 4392 3514 4465 barbatum.

2131 4603 2180 4670 e)
2220 4602 2286 4657 L.
2325 4600 2485 4657 Vm.
2522 4620 2569 4658 e·-
2606 4605 2696 4671 46.

2877 4678 2938 4744 G
2989 4701 3030 4768 g
3084 4696 3123 4746 2
