4175 5450
682 623 820 690 216

685 813 893 879 etiam
925 816 991 878 in
1034 813 1250 877 numis
1287 807 1763 900 Amphipolis,
1816 825 1883 875 et
1927 813 2206 884 Thessa-

692 911 967 976 lonicae
1041 911 1499 975 Macedoniae
1562 909 1880 991 urbium,
1984 929 2207 994 ‘neque

682 1008 1195 1086 dubitavimus3
1251 1028 1333 1071 eo
1369 1010 1565 1089 loc0,
1618 1026 1756 1092 quo
1789 1025 1906 1069 eos
1972 1006 2208 1070 descri-

685 1102 973 1191 psimus,
1059 1104 1383 1190 lignatum
1428 1105 1495 1167 in
1546 1104 1679 1167 illis
1726 1103 1961 1166 Ianum
2026 1103 2208 1167 adse·

682 1221 855 1267 rere.
985 1203 1320 1265 Nimirum
1376 1201 1615 1288 populi
1665 1197 1999 1263 Graeciae
2036 1248 2055 1277 ‚
2126 1220 2213 1263 ex

682 1318 824 1382 quo
863 1300 930 1362 in
966 1300 1433 1363 Romanorum
1464 1294 1861 1384 potestatem
1890 1296 2211 1360 transive-

684 1416 802 1472 re,
859 1393 1178 1481 signando
1223 1399 1290 1459 in
1343 1407 1622 1459 moneta
1666 1393 1785 1455 sua
1824 1392 1990 1457 Iano
2020 1441 2039 1472 ,
2095 1391 2211 1478 qui

682 1493 842 1556 inde
879 1492 969 1556 ab
1012 1491 1196 1560 urbis
1227 1491 1657 1558 incunabulis
1721 1490 1898 1553 inter
1941 1491 2212 1574 praeci-

680 1609 821 1675 pua
858 1591 999 1669 ejus
1026 1592 1328 1680 ‚numina
1362 1587 1740 1664 colebatur,
1790 1584 2011 1678 testati
2037 1586 2209 1662 sunt,

686 1687 973 1749 eundem
1023 1686 1084 1749 se
1144 1688 1477 1750 Romanis
1551 1685 1679 1747 diis
1749 1682 2014 1747 deferre
2072 1682 2207 1747 cul-

680 1794 868 1859 tum,
921 1803 1125 1866 quem
1194 1783 1519 1868 privatim
1579 1780 1753 1860 suis,
1807 1799 1942 1864 quo
1993 1781 2207 1843 modo

682 1898 827 1942 non
868 1898 1133 1966 paucae
1162 1881 1340 1944 aliae
1380 1878 1581 1942 urbes
1620 1874 1927 1941 Graecae
1968 1877 2207 1940 Iovem

685 1973 1152 2062 Capitolinum
1189 1979 1255 2041 in
1302 1976 1522 2039 numis
1578 1972 1707 2036 suis
1760 1973 2205 2060 signaverunt.

779 2074 891 2137 Ab
929 2073 1245 2137 adductis
1282 2072 1390 2136 his
1450 2071 1779 2156 exemplis
1840 2069 2153 2134 discimus
2186 2116 2206 2148 ,

682 2168 927 2234 Ianum
1004 2170 1523 2245 Romanorum,
1588 2166 1632 2229 fi
1718 2168 1927 2231 modo
1986 2179 2207 2231 certus

684 2267 890 2330 Ianus
932 2264 1045 2341 Iit,
1100 2263 1478 2327 constanter
1561 2262 1750 2328 fuiss‘e
1820 2262 2205 2328 barbatum.

682 2362 924 2443 Neque
960 2360 1279 2424 dissident
1309 2374 1756 2424 monumenta
1800 2361 1957 2424 aevi
2005 2360 2203 2423 serio·

683 2476 801 2521 ris.

682 2751 970 2814 denario
987 2749 1359 2812 Pertinacis
1393 2748 1709 2833 inscripto
1728 2748 1977 2811 IANO.
2001 2747 2210 2813 CON-

687 2845 1068 2910 SERVAT.
1169 2842 1491 2921 Atfuere‚
1538 2845 1815 2929 suntque
1839 2846 2213 2907 etiamnum

684 2943 820 3006 viri
863 2940 1242 3026 praeclari,
1295 2941 1412 3024 qui
1443 2939 1675 3025 capita
1706 2938 2040 3004 imberbia
2068 2959 2210 3003 mo-

684 3050 887 3101 netae
927 3038 1284 3099 Romanae
1318 3038 1409 3098 ad
1446 3036 1623 3099 hunc
1678 3037 1956 3099 modum
1986 3036 2211 3121 dispo·

685 3120 808 3197 fita
850 3133 1089 3198 Ianum
1130 3151 1402 3216 quoque
1453 3133 1729 3210 dixere,
1781 3151 2000 3216 neque
2057 3130 2212 3196 infi-

689 3231 872 3306 c'iar,
926 3248 998 3309 r.e
1042 3229 1341 3290 nondum
1402 3225 1561 3292 satis
1621 3227 1915 3314 expensa
1973 3229 2041 3291 in
2097 3230 2209 3293 ea-

688 3326 849 3390 dem
889 3344 997 3387 me
1031 3344 1244 3409 usque
1310 3325 1517 3391 modo
1580 3324 1770 3389 fu-ifre
1830 3325 2210 3406 sententia,

686 3410 873 3507 quo'd
918 3433 1209 3508 apparet
1244 3442 1329 3484 ex
1379 3422 1505 3499 iis,
1579 3444 1756 3509 quae
1823 3423 1892 3485 in
1962 3424 2208 3487 eodem

578 3515 584 3521 ’
691 3538 900 3605 opere
933 3520 1101 3584 aiibi
1134 3517 1459 3602 professus
1499 3518 1658 3583 sum.
1712 3527 1770 3598 ⁸)
1868 3517 2205 3585 Nimirum

678 3616 817 3680 ‘eise
857 3615 1169 3691 laniiliis
1204 3615 1349 3679 ‘visa
1388 3616 1535 3679 sunt
1574 3618 1806 3700 capita
1845 3616 2207 3695 imberbia,

689 3705 1050 3797 quaesunt
1074 3714 1141 3776 in
1182 3732 1387 3777 numo
1426 3732 1634 3777 aureo
1668 3712 2010 3799 imscripto
2050 3714 2203 3778 RO-

689 3810 877 3885 MA,
931 3814 1118 3890 cujus
1168 3811 1417 3872 iterato
1458 3832 1501 3874 a
1568 3830 1676 3873 me
1728 3810 1932 3874 altius
2012 3809 2207 3875 facta

688 3908 990 3984 mentio,
1042 3895 1106 3986 b)
1159 3918 1225 3968 et
1264 3907 1347 3968 de
1384 3926 1520 3989 quo
1556 3926 1758 3993 agam
1779 3907 2111 3993 copiosius
2136 3909 2205 3971 in

690 4005 914 4067 numia
952 4002 1169 4089 gentis
1209 4004 1570 4080 Veturiae,
1635 4015 1781 4067 tum
1831 4024 2005 4089 quae
2060 4004 2207 4067 sunt

674 4099 760 4163 ·in
797 4097 1257 4184 praesentibus
1293 4097 1366 4165 C.
1392 4100 1657 4164 Fonteii
1682 4102 2003 4164 denariis.
2054 4102 2210 4164 Vna

688 4195 828 4259 illis
864 4195 1031 4259 iliud
1081 4194 1429 4258 adserendi
1479 4197 1658 4260 ratio
1706 4195 1915 4259 fuerit
1958 4196 2206 4259 modus

691 4295 994 4377 capitum
1031 4294 1120 4354 ad
1160 4292 1308 4355 Iani
1373 4312 1633 4357 morem
1722 4292 2208 4378 dispositorum.

688 4390 786 4453 At
819 4406 983 4453 vero
1013 4390 1301 4453 eundem
1327 4391 1558 4475 capita
1592 4388 1676 4453 sic
1709 4389 2029 4477 jungendi
2066 4408 2209 4453 mo—

1473 4624 1683 4695 b)Pag
1733 4638 2016 4698 3.1et45

754 4628 980 4691 “vul
1015 4626 1064 4688 Ι
1103 4646 1160 4702 p
1196 4643 1345 4766 με)
1380 4693 1513 4752 Βοο.
1548 4643 1852 4768 T.1v.p
1893 4709 1977 4762 ιε.

670 4696 967 4770 ΔΤ.11.ρ.
1004 4710 1093 4764 ει

894 2456 1282 2542 ,Comparet
1325 2458 1501 2520 enim
1538 2458 1721 2520 idem
1765 2456 2097 2522 barbatus
2135 2456 2228 2520 in·

520 2577 531 2602 -·
566 2637 570 2642 ,
683 2573 893 2619 numo
930 2573 1144 2618 aeneo
1194 2556 1520 2618 Antonini
1554 2554 1705 2631 Pii,
1758 2575 1985 2640 quem>
2014 2552 2206 2617 dabi-

578 2719 587 2727 ,
682 2670 836 2715 mus
881 2652 970 2715 ad
1010 2671 1259 2714 annum
1299 2654 1382 2714 V.
1429 2650 1502 2717 C.
1549 2664 1732 2735 393,
1808 2664 1951 2714 tum
2019 2664 2085 2714 et
2138 2651 2211 2713 in

2211 4631 2265 4698 e)
2299 4627 2466 4690 Num,
2505 4628 2866 4717 Henna-tab.
2902 4632 3068 4688 xm.

2164 4698 2226 4767 f),
2250 4698 2530 4756 Cedrenus
2563 4716 2639 4756 ex
2671 4700 2883 4769 Dione,

1900 609 2542 691 FONTEIA.

2290 814 2451 877 dum
2494 815 2699 879 video
2744 816 2950 878 etiam
3005 812 3325 900 placuiss'e
3374 814 3648 900 populis
3701 835 3822 882 ex·

2292 911 2503 974 ternis
2545 911 2728 975 nullo
2796 923 2975 974 certe
3043 911 3132 974 ad
3189 912 3660 975 Romanorum
3705 913 3820 977 seu

2292 1008 2734 1092 religionem,
2791 1007 2897 1071 seu
2932 1005 3294 1071 institutum
3332 1007 3658 1092 respectu.
3740 1010 3818 1088 In

2291 1109 2512 1169 numis
2553 1103 3035 1189 Syracusarum
3089 1111 3265 1169 duae
3323 1105 3642 1172 mulieres
3702 1105 3820 1170 sua

2292 1200 2377 1263 sic
2413 1203 2845 1265 committunt
2890 1202 3236 1288 occipitia.
3341 1201 3558 1266 Idem
3577 1203 3645 1265 in
3691 1222 3819 1265 nu-

2295 1319 2409 1361 mo
2467 1297 2963 1363 Atheniensium
3014 1312 3374 1383 argenteo,
3452 1312 3519 1362 et
3588 1298 3818 1364 obviis

2294 1396 2759 1460 Tenediorum
2843 1394 3184 1481 praeliant
3229 1396 3335 1459 vir
3416 1397 3816 1481 mulierque.

2296 1492 2560 1557 Poss‘em
2593 1492 2982 1565 his,addere
3023 1511 3263 1557 numos
3284 1492 3565 1578 Rhegii,
3620 1493 3819 1556 Lem-

2293 1590 2403 1664 ni,
2457 1589 2963 1665 Atellanorum‚
3018 1589 3128 1652 sed
3173 1608 3387 1673 quos,
3441 1592 3606 1675 quia
3649 1587 3820 1653 Gol-

2292 1687 2506 1749 tziani
2542 1686 2729 1764 sunt,
2785 1705 2918 1748 non
2957 1686 3192 1750 audio.
3292 1686 3370 1748 In
3410 1687 3632 1750 numis
3679 1688 3814 1750 Vo-

2290 1781 2695 1846 laterrarum
2739 1782 3049 1845 Etruriae
3096 1784 3153 1845 is
3212 1795 3420 1867 typus
3492 1781 3815 1868 frequens

2291 1880 2563 1965 gemino
2604 1879 2828 1964 capite
2867 1877 3167 1942 imberbi
3206 1879 3645 1945 coalescente.
3738 1880 3822 1943 In

2291 1973 2603 2062 singulari
2636 1976 2935 2058 ejusdem
2978 1975 3160 2038 urbis
3194 1977 3381 2063 apud
3415 1976 3820 2067 Arigonium

2290 2084 2503 2157 caput
2537 2071 2844 2136 imberbe
2889 2091 3042 2134 cum
3106 2071 3404 2137 barbato
3452 2072 3818 2135 committi-

2288 2180 2421 2232 tur.
2475 2174 2528 2248 ε)
2630 2168 2816 2251 Quid
2855 2168 3039 2254 quod
3076 2170 3319 2240 eodem
3351 2170 3559 2234 modo
3595 2169 3663 2232 in
3700 2187 3818 2231 ae-

2286 2266 2434 2329 neis
2500 2266 2717 2360 gentis
2767 2265 3069 2329 Rubriae
3138 2269 3504 2367 junguntur
3580 2265 3818 2364 capita

2290 2361 2647 2440 HercuIiS,
2702 2375 2772 2425 et
2817 2363 3161 2426 Mercurii.
3546 2396 3552 2400 ·

2384 2458 2494 2523 Ex
2522 2457 2628 2522 his
2659 2471 2991 2546 apparet,
3046 2459 3344 2524 alienum
3393 2458 3568 2523 hunc
3607 2478 3651 2520 a
3692 2477 3816 2522 na·

2289 2568 2445 2621 tura
2489 2576 2750 2620 morem
2792 2568 2860 2618 et
2902 2575 2947 2618 a
2998 2553 3279 2621 Graecis
3310 2604 3329 2635 ,
3382 2567 3451 2620 et
3494 2554 3820 2635 Etruscis,

2294 2665 2361 2718 et
2397 2653 2730 2716 Romanis
2761 2650 2951 2718 fuitre
3013 2667 3386 2740 receptum.
3483 2652 3637 2714 Non
3689 2671 3818 2715 va-

2292 2763 2407 2815 cat
2439 2750 2816 2835 inquirere,
2871 2768 3159 2832 quorum
3216 2751 3594 2836 prodigium
3639 2745 3822 2825 istud

2291 2847 2564 2931 ingenio
2605 2845 2959 2910 debeatur.
3076 2846 3415 2911 Praestitit
3458 2842 3624 2908 istud
3695 2864 3816 2907 co·

2281 2961 2434 3005 ‘mes
2471 2941 2766 3026 Caylus,
2815 2941 2927 3006 sed
2975 2961 3161 3007 more
3201 2945 3505 3026 quodam
3533 2943 3649 3005 suo
3690 2939 3817 3003 ssu-

2291 3039 2572 3103 ctuavit.
2673 3038 2855 3101 Nam
2879 3038 3212 3103 eumolim
3247 3039 3668 3105 confidenter
3712 3038 3820 3101 di·-

2286 3135 2522 3213 xiss'et,
2590 3135 3023 3217 Etruscorum
3105 3136 3231 3199 ess'e
3301 3137 3691 3212 inventum,
3742 3125 3816 3219 ⁴³)

2288 3244 2556 3295 mutata
2593 3243 2813 3296 mente
2856 3232 3021 3296 illud
3061 3236 3419 3319 Aegyptiis
3453 3243 3816 3318 acceptum

2288 3329 2445 3391 tulit
2485 3328 2733 3411 serina,
2786 3327 3025 3393 oblato
3067 3331 3383 3393 nimirum
3429 3327 3546 3393 fibi
3596 3328 3821 3392 sacer-

2289 3425 2470 3488 dotis
2516 3424 2729 3510 sigillo
2762 3444 2979 3488 aeneo
3024 3427 3252 3511 operis
3271 3426 3597 3512 Aegyptii
3637 3424 3818 3489 binis

2288 3520 2629 3608 capitibus
2678 3522 2919 3584 ditato.
2974 3519 3036 3601 e)
3140 3522 3421 3586 Omissis
3473 3521 3581 3585 his
3650 3540 3814 3584 cou-

2280 3619 2558 3702 jecturis
2628 3614 2826 3681 istud.
2860 3620 3091 3703 potius
3182 3620 3593 3697 videamus,
3646 3618 3818 3702 quid

2281 3714 2528 3778 formis
2567 3712 2670 3775 his
2726 3713 3119 3800 bicipitibus
3163 3736 3206 3779 a
3254 3713 3602 3780 veteribus
3659 3711 3815 3776 fue-

2280 3814 2373 3873 rit
2407 3809 2847 3876 intellectum.
2999 3810 3418 3900 Allegoriam
3475 3813 3558 3876 iis
3616 3808 3817 3873 fuiss'e

2283 3905 2605 3970 inclusam
2632 3952 2653 3982 ‚
2703 3906 2814 3969 vel
2854 3927 2941 3970 ex
2979 3907 3064 3970 iis
3104 3922 3334 3994 patet,
3387 3928 3564 3992 quae
3653 3907 3808 3970 scri-

2284 4016 2517 4089 ptores
2570 4003 2868 4068 Romani
2911 4004 2994 4066 de
3042 4003 3212 4071 lano
3269 4008 3383 4071 suo
3436 4004 3812 4070 tradidere.

2284 4100 2424 4162 Alii
2462 4097 2762 4164 effictum
2814 4096 3183 4167 bifrontem
3232 4104 3588 4180 dixerunt,
3639 4097 3812 4185 quia

2289 4216 2334 4259 a
2368 4194 2660 4270 Saturno
2703 4198 3222 4282 praeteritorum
3244 4248 3264 4278 ,
3317 4210 3386 4264 et
3420 4195 3814 4263 futurorum

2288 4291 2569 4356 scientia
2602 4292 2893 4356 donatus
2932 4291 3086 4358 fuit.
3136 4286 3194 4379 f)
3246 4298 3385 4361 Alii
3415 4342 3435 4373 ,
3509 4293 3693 4379 quod
3737 4294 3816 4357 in

2290 4388 2523 4453 medio
2584 4387 2973 4454 constitutus
3039 4411 3292 4458 annum
3369 4390 3819 4478 incipientem

3261 4630 3321 4703 d)
3355 4630 3486 4688 Rec-
3540 4630 3816 4705 d’Antiq.
