4175 5450
1194 612 1546 723 Nvm
1639 601 2628 765 >coixrvaAlRES(⁹

311 852 431 916 illa
475 850 641 932 fuit,
696 871 850 914 cum
888 851 1188 916 maxime
1219 846 1352 914 fuit
1391 848 1459 911 in
1492 845 1839 931 urbepro-

310 961 514 1013 vecta
537 952 567 1025 ,'
607 950 858 1013 nedum
901 952 985 1013 V.
1025 946 1107 1013 C.
1152 958 1336 1031 547,
1406 942 1594 1028 quod
1642 939 1835 1006 testa·

308 1048 370 1110 ri
415 1044 551 1131 ipse
586 1045 846 1133 possum
874 1092 894 1124 ,
948 1064 1101 1109 cum
1138 1045 1207 1107 in
1233 1042 1460 1107 museo
1500 1037 1834 1106 Caesareo

311 1162 549 1208 eorum
592 1142 705 1205 fex
739 1140 993 1207 exstent
1026 1140 1476 1227 exemplaria.

409 1239 618 1335 Quod
653 1238 699 1302 si
749 1259 910 1326 ergo
965 1236 1345 1304 verilimilis
1407 1235 1686 1301 eruditis
1734 1236 1830 1298 vi·

311 1338 555 1400 deatur
597 1335 768 1401 haec
808 1357 966 1399 mea
1000 1336 1431 1419 aliorumque
1466 1333 1829 1408 sententia,

308 1452 558 1499 aureos
615 1433 745 1498 hos
811 1452 1054 1499 numos
1109 1433 1475 1497 commatis
1529 1430 1831 1498 Romani

290 1531 644 1608 non-effe,
700 1532 1027 1614 quoniam
1064 1529 1207 1605 hic,
1252 1549 1374 1593 ceu
1432 1527 1830 1591 fundamen-

222 1644 230 1657 ·
306 1641 381 1690 to
413 1673 432 1703 ‚
485 1638 704 1690 totum
752 1628 1014 1690 Nauzei
1050 1624 1337 1710 systema
1389 1626 1662 1702 nititur,
1716 1643 1830 1686 ne·

308 1722 476 1789 cess'e
510 1720 601 1787 est
632 1724 880 1801 etiam,
948 1742 1391 1809 quaecunque
1452 1722 1559 1785 his
1608 1720 1828 1807 super·

304 1818 693 1897 struxerat‚'
753 1822 823 1884 in
888 1840 1221 1908 praeceps
1288 1821 1420 1908 agi.
1556 1817 1828 1882 Falsum

308 1918 484 1980 enim
549 1919 678 1980 erit
764 1918 855 1997 L,
907 1918 1262 2004 inscriptas
1351 1929 1552 1981 notas
1634 1915 1827 1993 XX.,

303 2014 555 2077 XXXX
614 2026 743 2080 etc.
795 2015 1103 2081 indicare
1167 2015 1460 2079 totidem
1541 2032 1824 2077 numero

299 2108 627 2174 sestertios
672 2104 1065 2190 RomanoS,
1119 2111 1210 2199 ΙΙ,
1261 2111 1505 2176 falsum
1571 2112 1824 2191 etiam,

246 2251 249 2254 >
303 2210 571 2293 pondus
624 2207 843 2272 librae
927 2208 1179 2273 veteris
1238 2208 1393 2272 -ess'e
1455 2227 1823 2295 granorum

305 2306 543 2380 6144··
616 2305 736 2366 111.
774 2325 898 2391 per
927 2306 1266 2392 epocham
1304 2309 1598 2391 primam
1625 2304 1821 2367 fuiss'e

300 2401 642 2462 rationem
680 2402 832 2463 auri
889 2401 981 2462 ad
1022 2412 1415 2485 argentum,
1484 2414 1560 2464 ut
1638 2422 1664 2461 1
1727 2401 1820 2463 ad

313 2497 437 2576 172}
469 2544 488 2573 ,
543 2515 752 2579 quam
794 2494 1069 2582 quidem
1107 2515 1405 2581 unquam
1461 2495 1817 2559 obtinuisse

302 2593 485 2678 apud
518 2594 873 2656 Romanos
918 2592 1128 2656 etiam
1168 2604 1354 2673 tum,
1405 2611 1557 2655 cum
1611 2609 1816 2678 angu-

249 2722 263 2746 ·
298 2687 615 2765 [lissimae
654 2709 890 2754 eorum
916 2708 1026 2754 res
1062 2689 1377 2769 fuerunt,
1459 2688 1646 2753 nullo
1712 2707 1817 2753 ar-

297 2800 618 2873 gumento
655 2788 975 2868 evicerit,
1046 2800 1226 2854 certe
1279 2806 1416 2852 non
1476 2788 1634 2876 inde
1721 2786 1816 2850 ab

298 2903 481 2948 anno
513 2888 593 2950 V.
636 2882 709 2951 C.
748 2897 890 2969 547
918 2934 938 2968 ,
1003 2886 1076 2950 in
1123 2893 1325 2974 quem
1388 2884 1623 2972 [ignati
1666 2886 1817 2948 auri

292 2980 563 3044 initium
593 2980 973 3060 confertur,
1027 3003 1164 3067 quo
1200 2986 1341 3066 jam
1400 2995 1622 3046 totam
1665 2982 1812 3045 fere

293 3077 564 3141 Italiam
624 3077 1061 3164 Siciliamque
1113 3092 1415 3143 tenuere.
1488 3078 1603 3162 ,Si
1676 3100 1813 3143 non

291 3171 473 3238 fallit
529 3173 834 3238 calculus·
890 3171 1152 3258 ‘eruditi
1223 3163 1526 3262 Dupuy‚
1622 3180 1811 3260 cujus

279 3263 467 3336 ¹nunc
506 3274 806 3336 rationes
869 3275 1254 3360 expendere
1324 3293 1464 3338 non
1536 3273 1749 3338 vacat
1790 3324 1809 3356 ,

286 3366 421 3431 fuit
471 3369 1014 3455 tum‘utriusque
1058 3370 1321 3435 metalli
1369 3371 1550 3435 ratio
1579 3418 1599 3450 ,
1653 3384 1726 3434 ut
1773 3395 1799 3435 ι

288 3466 378 3528 ad
427 3485 532 3547 15.
593 3463 666 3548 ³)

380 3561 466 3628 Π.
514 3562 943 3645 Expendenti
987 3564 1305 3641 modum,
1359 3581 1494 3646 quo
1538 3562 1689 3626 ul'us
1723 3563 1813 3628 est

284 3656 606 3720 Nauzeus
646 3657 739 3719 ad
773 3655 1113 3742 figendam
1158 3653 1645 3743 descriptorum
1680 3680 1807 3721 nu..

281 3773 553 3817 morum
588 3751 888 3815 aetatem
917 3801 936 3833 ,
988 3753 1201 3836 facile
1245 3755 1551 3842 patebit,
1624 3754 1805 3819 arbi-

280 3849 567 3929 trarium
604 3850 1003 3936 plerumque
1032 3853 1157 3917 ess'e
1202 3864 1271 3916 et
1306 3850 1651 3917 fallacem.
1702 3853 1807 3916 En

280 3948 610 4013 nonnulla
651 3942 1011 4033 super-‚hoc
1052 3949 1281 4022 dubia.
1385 3948 1650 4014 Numos
1702 3950 1800 4014 bi·

277 4066 406 4109 nos
447 4058 624 4130 typo
659 4044 811 4108 Iani
858 4048 1152 4130 gemini,
1233 4065 1524 4131 quorum
1582 4046 1806 4113 levior

158 4170 166 4177 ·
276 4143 609 4229 adpendit
647 4161 864 4228 grana
903 4145 996 4221 64
1030 4191 1050 4223 ,
1123 4145 1404 4231 gravior
1464 4157 1638 4224 128,
1730 4146 1803 4209 in

275 4240 615 4326 epocham
662 4239 754 4306 11.
793 4239 1081 4305 confert.
1179 4242 1274 4304 At
1329 4260 1466 4304 non
1524 4242 1733 4305 video
1778 4291 1799 4323 ,

273 4357 398 4400 cur
439 4357 579 4402 non
624 4356 847 4422 aequo
878 4340 1026 4421 jure
1061 4340 1127 4400 in
1164 4337 1590 4423 epocham·I.
1634 4358 1803 4403 con-

264 4432 436 4497 ferri
472 4434 746 4518 possint.

1866 2610 1871 2619 ·
1911 2586 2179 2668 trariis,
2229 2591 2429 2675 saepe
2475 2589 2683 2654 fallis·

3341 654 3464 773 ‚³5
3541 718 3546 725 .

1928 846 2041 908 am
2083 843 2322 909 debuit
2367 861 2454 906 ex
2492 852 2717 906 mente
2753 842 3021 914 Nauzei
3082 862 3325 923 numus
3395 867 3461 909 e·

1926 939 2192 1028 gochae
2229 943 2283 1006 Ι.
2324 939 2673 1026 inscriptus
2713 940 2831 1003 LX
2854 985 2875 1017 ,
2903 952 2997 1003 ‘et
3026 961 3180 1006 cum
3214 962 3460 1008 numus

1929 1040 2104 1102 alter
2143 1029 2524 1125 granorum,
2556 1048 2686 1111 128
2755 1036 2950 1117 hujus
3003 1036 3077 1101 fit
3147 1034 3396 1126 duplus
3434 1086 3457 1120 ‚

1928 1154 2081 1199 cum
2141 1137 2362 1199 eidem
2417 1133 2546 1197 sese
2602 1130 2866 1199 rationi
2932 1136 3458 1218 adcommodet‚

1925 1233 2231 1316 eJ’usdem
2287 1234 2496 1299 etiam
2543 1224 2859 1318 'epochae
2913 1232 3272 1318 praebebit
3323 1238 3454 1305 sese

1923 1329 2325 1415 patientem.
2428 1332 2582 1393 Non
2631 1328 2915 1415 potuiss'e
2974 1342 3139 1394 vero
3204 1352 3452 1401 aureos

1921 1426 2119 1509 hujus
2162 1416 2408 1492 aetatis
2467 1429 2605 1510 ejus
2645 1425 2772 1489 effre
2821 1428 3146 1512 ponderis
3169 1427 3199 1508 ‚'
3261 1432 3453 1497 nullo

1925 1544 2224 1609 unquam
2355 1535 2755 1611 argumento
2854 1525 3442 1612 comprobaverit.

1920 1616 2080 1687 Non
2120 1623 2320 1707 igitur
2354 1624 2534 1685 certe
2560 1620 3017 1707 disjungendi,
3072 1644 3248 1707 quos
3277 1645 3447 1713 pon·

1923 1718 2106 1783 deris
2153 1722 2333 1784 ratio
2368 1719 2601 1783 sociat.
2951 1740 2956 1749 “

2017 1818 2233 1886 Vetus
2268 1815 2585 1903 querela,
2638 1817 2708 1879 in
2756 1815 3026 1903 figenda
3082 1837 3462 1887 numerum.

1919 1933 2073 1978 cum
2114 1913 2604 1991 consularium,
2649 1926 2790 1977 tum
2837 1914 3258 1981 familiarum
3321 1937 3438 1981 ae-

1916 2023 2060 2076 tate
2084 2059 2103 2091 ,
2158 2012 2345 2096 quod
2375 2012 2555 2074 notis
2595 2010 3098 2099 chronologicis
3149 2010 3294 2077 fere
3334 2034 3447 2080 ca-

1916 2122 2102 2187 rent,
2151 2111 2222 2172 in
2274 2110 2459 2172 va‘do
2499 2128 2630 2173 nos
2686 2109 3084 2195 plerumque
3157 2108 3442 2177 destitui.

1916 2207 2097 2270 Satis
2138 2208 2412 2292 quidem
2472 2205 2543 2269 in
2585 2225 2669 2270 ea
2743 2205 3132 2284 definienda
3180 2210 3444 2274 animo.

1913 2325 2065 2367 rum
2122 2303 2256 2368 fuit
2310 2303 2689 2367 Vaillantio
2761 2316 2830 2367 et
2898 2303 3387 2394 Havercampo
3412 2314 3442 2393 ,⁴

1911 2400 2024 2463 sed
2080 2398 2333 2462 consilii
2365 2419 2654 2484 parurn,
2697 2400 3021 2464 nimirum
3061 2402 3249 2487 quod
3286 2406 3440 2478 unis

1908 2495 2055 2557 ¹nixi
2088 2492 2281 2557 fuere
2322 2496 2727 2576 conjecturis
2795 2496 3198 2581 plerumque
3242 2500 3436 2564 arbi..

2784 2592 3053 2655 Placuit
3108 2594 3216 2657 his
3270 2596 3437 2662 IIvi-

1906 2690 2000 2752 ris
2037 2736 2056 2768 ,
2109 2685 2242 2751 five
2278 2705 2412 2772 ope
2473 2699 2798 2773 typorum
2826 2735 2846 2767 ,
2897 2685 3033 2750 live
3064 2689 3154 2755 'ab
3202 2690 3440 2757 inscri-

1906 2790 2046 2874 ptis
2091 2783 2513 2848 familiarum
2553 2784 2945 2848 nominibus
2985 2781 3277 2850 stabilire
3319 2810 3434 2854 ae-

1905 2897 2161 2966 tatem,
2213 2893 2280 2945 et
2314 2883 2499 2966 quod
2557 2881 2852 2965 sequitur
2883 2930 2906 2961 ,
2980 2884 3188 2949 etiam
3257 2905 3426 2973 pon-

1907 2983 2031 3047 dus
2086 2980 2306 3043 cuivis
2391 2980 2603 3042 aetati
2658 2977 2988 3046 debitum.
3137 2983 3442 3050 Ratione
3493 3019 3498 3026 -

1901 3078 2061 3143 huic
2120 3076 2467 3141 contraria
2525 3075 3054 3161 Barthelemyue
3099 3091 3197 3170 ’.εἰ
3246 3080 3433 3147 Nau·

1901 3196 2062 3241 zeus
2105 3196 2191 3238 ex
2217 3175 2521 3261 pondere
2556 3193 2920 3238 numorum
2939 3173 3235 3240 aetatem
3281 3199 3434 3244 eru-

1903 3277 2062 3352 unt',
2118 3273 2189 3335 id
2230 3269 2359 3350 est,
2410 3270 2997 3356 ignotum-ignoto
3056 3271 3424 3343 stabiliunt.

1900 3370 2306 3454 Quinariurn
2342 3386 2623 3432 aureum
2661 3364 2896 3432 Caleni
2933 3382 3001 3432 et
3059 3369 3284 3444 „Cordi
3340 3372 3427 3437 fi..

1899 3468 2177 3554 gnatum
2207 3467 2292 3529 V.
2337 3463 2415 3532 C.
2479 3466 2609 3547 671
2701 3467 3155 3546 contendunt,
3241 3472 3429 3553 quod

1898 3566 2167 3650 pondus
2223 3560 2437 3625 habet
2510 3560 2880 3647 analogum
2935 3562 3028 3625 ad
3109 3563 3436 3632 denarios

1899 3679 2147 3724 aureos
2212 3658 2488 3736 Sullae,
2567 3668 2774 3741 atque
2858 3658 3017 3721 inde
3081 3661 3428 3755 arguunt²

1899 3769 2259 3841 utrumque
2301 3754 2493 3817 fuiss’e
2536 3766 2855 3816 monetae
2895 3776 2942 3819 a
2990 3753 3181 3819 Sulla
3226 3778 3423 3844 prae-

1895 3852 2192 3937 fectum,
2244 3864 2313 3916 et
2369 3872 2407 3914 e
2456 3848 2750 3914 Graecia
2790 3871 2944 3916 cum
3008 3851 3436 3938 imperatore·

1893 3951 2214 4014 reducem
2251 3950 2495 4013 eodem
2535 3947 2896 4034 perrexiss'e
2953 3951 3256 4035 pondere
3325 3953 3427 4016 fe·

1892 4049 2025 4111 rire
2065 4033 2362 4127 numos,¹
2397 4066 2535 4133 quo
2569 4044 2759 4126 fuere
2810 4041 2999 4110 numi
3037 4046 3267 4112 Sullae
3321 4051 3420 4114 di·

1893 4147 1984 4210 cti
2016 4143 2346 4209 Lucullei.
2445 4143 2602 4207 Non
2630 4143 3072 4208 adverterunt
3104 4146 3242 4210 viri
3275 4168 3430 4212 eru-

1891 4243 2053 4322 diti,
2108 4242 2427 4306 denarios
2483 4239 2723 4304 Caleni
2783 4252 2853 4304 et
2910 4240 3120 4305 Cordi
3182 4254 3435 4332 arge‘n—

1888 4351 2037 4404 teos
2070 4341 2373 4424 ejusdem
2404 4337 2816 4425 argumenti,
2873 4350 2939 4401 et
2979 4340 3170 4425 quod
3205 4339 3418 4428 sequi·

850 4432 1087 4500 Grana
1111 4438 1206 4511 64
1242 4435 1634 4521 adpendere
1676 4439 1799 4502 eti·
1886 4449 1996 4500 tur
2022 4484 2046 4517 ,
2097 4437 2558 4523 synchronoe,
2607 4435 2732 4499 e'ss'e
2785 4456 3022 4501 omnes
3090 4435 3382 4503 serr-atos
3408 4485 3434 4518 ,

348 4647 405 4713 ι)
443 4645 518 4703 Β.
550 4646 624 4707 L.
658 4647 826 4706 Tom-
861 4611 1147 4736 xlivm.
1179 4667 1238 4725 p.
1275 4652 1396 4725 651.

2873 4728 3036 4798 Ea
