4175 5450
649 613 778 663 122

642 785 1098 872 quaestionem
1146 808 1230 852 eo
1274 788 1541 868 redire,
1591 787 1752 853 fitne
1780 787 1862 854 L.
1911 786 2164 852 BVCA

641 886 829 948 numi
867 886 1230 971 praesentis
1285 887 1469 972 idem
1538 906 1692 951 cum
1746 886 1822 949 L.
1889 884 2159 950 BVCA.

1888 517 2509 664 AEMILIA.
2560 610 2569 618 -

2246 803 2563 873 agrosque
2578 803 2787 878 omnes
2814 782 3067 850 addixit
3096 781 3265 852 deae.
3364 783 3580 872 Hujus
3602 804 3769 870 gra·

2246 894 2351 949 tae
2382 881 2711 968 religionis
2740 885 3098 946 memoriam
3148 893 3208 946 et
3244 883 3558 969 inscriptio
3610 889 3765 945 tem-

641 981 975 1046 IIIIVIRo
1012 982 1082 1045 in
1109 983 1330 1060 numis
1374 982 1706 1047 Caesaris.
1741 1025 1763 1046 .
1806 982 1922 1046 Sin
1948 981 2160 1059 idem,
2238 979 2334 1067 pli
2363 982 2558 1069 affixa
2581 983 2737 1068 posti
2774 977 3107 1067 hodieque,
3153 988 3216 1043 et
3247 978 3464 1046 tabula
3514 979 3771 1066 testatus

639 1078 886 1142 vicerit
919 1079 1194 1143 causam
1232 1081 1627 1144 Perizonius
1659 1103 1679 1154 ;
1749 1079 1839 1142 fin
1886 1074 2163 1144 vetusti-

607 1183 610 1184 ’
647 1192 728 1237 οι·
814 1173 1103 1259 aliquis,
1156 1176 1359 1241 causa
1427 1175 1634 1240 facile
1710 1176 1934 1240 cadet.
2068 1176 2163 1238 At

643 1287 850 1352 quam
885 1269 1229 1335 infirmum
1262 1271 1352 1336 est
1391 1274 1520 1337 viri
1543 1273 1788 1338 eruditi
1811 1290 2162 1358 argumen-

641 1378 829 1445 tum,
881 1367 1189 1432 exhiberi
1228 1369 1344 1432 fibi
1394 1369 1724 1455 cupientis
1789 1368 2005 1432 alium
2059 1387 2162 1429 re-

643 1461 933 1527 trorrum
976 1464 1110 1529 hoc
1146 1467 1420 1530 nomine
1472 1466 1801 1531 lllvirum
1858 1475 2164 1530 moneta-

642 1557 804 1623 lem.
903 1561 1013 1623 An
1045 1582 1253 1649 ergo,
1340 1574 1415 1626 ut
1466 1562 1580 1627 vel
1641 1580 1777 1626 uno
1841 1559 2161 1648 exemplo

642 1666 841 1740 utar,
891 1659 1081 1722 numi
1121 1677 1356 1723 omnes
1402 1657 1481 1724 C.
1527 1659 1777 1722 Marcii
1816 1657 2166 1724 Censorini

643 1753 920 1818 nomine
964 1754 1288 1842 inscripti,
1341 1768 1534 1818 erunt
1567 1758 1751 1838 ejus,
1809 1773 2009 1838 quem
2046 1751 2164 1816 sub

645 1847 943 1933 Augusto
977 1849 1232 1916 constat
1278 1849 1470 1915 fuiss'e
1508 1850 1830 1915 IIIvirum
1854 1898 1873 1929 ‚
1927 1850 2166 1935 quoni·

647 1962 761 2007 am
802 1947 977 2009 alius
1024 1950 1326 2029 ejusdem
1382 1948 1680 2012 nominis
1738 1966 1875 2012 non
1916 1945 2167 2033 reperi·

646 2042 807 2105 tur?
906 2042 1076 2125 Quis
1108 2048 1180 2108 in
1220 2065 1307 2109 ea
1337 2040 1788 2129 inscriptionis
1850 2041 2170 2129 parsimo-

617 2139 770 2200 ·nia
790 2183 810 2215 ,
856 2157 994 2220 qua
1023 2142 1210 2204 numi
1242 2140 1625 2205 consulares
1654 2140 2015 2216 laborant,
2066 2135 2173 2202 fa·

650 2233 781 2296 cile
823 2246 944 2297 aut
978 2249 1279 2304 aetatem
1314 2237 1545 2314 numi,
1597 2247 1717 2300 aut
1771 2238 1922 2322 quis
1965 2235 2178 2299 fuerit

650 2329 753 2413 is,
807 2337 926 2412 qui
965 2332 1320 2418 inscriptus
1352 2333 1617 2419 legitur,
1673 2353 1760 2397 an
1791 2333 2000 2399 111vir
2028 2351 2172 2396 mo·

647 2421 926 2503 naalia,
978 2449 1065 2492 an
1098 2427 1450 2513 quaestor,
1504 2447 1594 2492 an
1672 2429 1960 2508 aedilis,
2015 2448 2174 2491 enu-

651 2520 960 2587 cleabit?
1057 2528 1151 2587 At
1191 2527 1413 2608 enim,
1465 2525 1718 2609 inquit,
1772 2527 1919 2589 sunt
1966 2526 2032 2589 in
2068 2525 2176 2590 his

651 2620 877 2712 numia
919 2621 1175 2685 decora
1217 2620 1525 2686 Caesaris
1550 2668 1569 2700 ,
1622 2636 1830 2707 caput
1867 2623 2175 2701 Veneris,

656 2726 724 2777 et
753 2715 1020 2800 globus.
1122 2713 1351 2783 Minus
1379 2719 1552 2783 haec
1573 2719 1957 2786 commode.
2061 2719 2180 2783 Sa·

654 2830 740 2876 ne
777 2813 965 2898 globi
1007 2814 1388 2899 explicatus
1435 2812 1523 2876 est
1584 2816 1945 2900 ambiguus
1972 2866 2002 2898 .‚
2069 2828 2179 2879 at-

659 2925 792 2990 que
835 2911 893 2971 is
938 2908 1121 2974 abest
1159 2913 1370 2974 etiam
1415 2911 1483 2971 in
1527 2910 1774 2975 horum
1817 2915 2179 2974 n'umorum

658 3021 835 3079 uno;
891 3019 963 3067 at
1013 3009 1344 3069 Venerem
1437 3017 1512 3068 ut
1595 3006 1909 3085 Caesari,
1984 3004 2071 3069 [ic
2116 3018 2184 3070 et

661 3096 893 3163 Sullae
933 3097 1123 3162 fuiss'e
1174 3098 1627 3182 familiarem,
1677 3105 1746 3165 in
1820 3100 2016 3183 hujus
2063 3122 2182 3165 nu-

662 3192 793 3257 mis
831 3195 1102 3281 copiose
1146 3194 1553 3261 videbimus.
1650 3199 1833 3286 Ergo
1877 3186 2031 3262 cum
2063 3218 2183 3261 nu·

663 3290 758 3352 mi
787 3289 1031 3354 thema
1072 3302 1216 3354 tam
1244 3290 1424 3355 belle
1455 3311 1607 3357 curn
1640 3293 1991 3358 Plutarchi
2017 3313 2185 3358 -uar-

661 3386 930 3449 ratione
971 3388 1346 3473 conspiret,
1387 3408 1534 3454 »non
1559 3391 1765 3454 credo
1790 3438 1810 3469 ,
1863 3391 2185 3455 arcessen-

667 3483 828 3545 dum
879 3483 1298 3572 explicatum
1330 3484 1541 3551 alium
1571 3508 1617 3552 a
1642 3487 2055 3551 Morelh'ano
2088 3487 2187 3550 di-

666 3578 971 3660 versum,
1022 3594 1228 3669 atque
1269 3582 1572 3646 omnium
1634 3583 1911 3647 minime
1948 3583 2187 3667 illum,

669 3696 873 3761 quem
916 3679 1051 3764 ipse
1101 3681 1391 3763 denique
1442 3678 1705 3745 sufficit.
1806 3680 2004 3745 Hunc
2044 3680 2188 3743 Sul-

667 3775 780 3838 lae
821 3787 1064 3860 typum
1101 3774 1456 3861 praeclare
1488 3774 1770 3840 illustrat
1819 3774 2190 3841 testimoni·

670 3891 787 3932 um
821 3872 1065 3937 Velleii
1116 3870 1438 3935 Motellio
1486 3873 1968 3957 praeteritum,
2037 3873 2194 3937 scri-

673 3966 937 4031 bentis:
993 3964 1062 4055 ²)
1112 3968 1254 4060 Post
1289 3969 1639 4047 υἰεέονίαηι,
1691 3989 1816 4055 qua
1850 3967 2200 4058 despondens

680 4074 947 4129 montem
1003 4064 1224 4152 Tifata
1259 4083 1394 4130 cum
1426 4064 1493 4129 C.
1532 4063 1840 4133 Norbano
1877 4084 2197 4130 concurre·

679 4173 793 4226 rat
820 4161 996 4227 Sulla
1023 4210 1046 4243 ,
1088 4170 1317 4245 grates
1368 4162 1620 4228 Dianae
1639 4208 1659 4240 ,
1727 4162 1907 4248 enjus
1959 4162 2201 4227 numini

679 4262 865 4343 regio
897 4259 998 4323 illa
1012 4257 1278 4344 sacrata
1317 4258 1392 4346 est
1417 4303 1437 4335 ‚
1472 4259 1666 4347 solvit
1694 4306 1713 4336 ,
1767 4277 1969 4343 aquas
2011 4257 2197 4341 salu·

688 4355 924 4423 britate
975 4354 1399 4442 medendis-que
1465 4353 1843 4442 corporibus
1925 4351 2161 4420 nobiles
2176 4400 2198 4432 ,

717 4714 734 4725 .
770 4670 825 4735 a)
860 4668 930 4728 L,
967 4667 1045 4727 11,
1075 4684 1129 4728 c,
1166 4683 1249 4735 25.

1419 4663 1480 4734 b)
1516 4660 1680 4716 Inscr.
1719 4673 1832 4715 ant.
1872 4662 1956 4723 Cl,
1989 4663 2043 4723 1,
2079 4681 2137 4716 n.
2171 4677 2259 4726 41.
2300 4624 2327 4631 ⁶

2246 1095 2431 1142 aerea
2449 1080 2626 1143 intra
2660 1075 2905 1142 aedem.'
2995 1077 3257 1139 Horum
3283 1096 3602 1161 agrorum
3625 1093 3770 1137 mo·

2248 1174 2412 1237 dum
2446 1193 2490 1236 a
2540 1173 2729 1237 Sulla
2811 1172 3161 1236 definitum
3227 1172 3430 1235 serius
3492 1171 3582 1234 ab
3634 1174 3771 1234 Au-

2247 1266 2479 1355 gusto,
2531 1271 2775 1334 iterum
2829 1259 2875 1332 a
2924 1266 3333 1353 Vespasiano
3379 1269 3770 1332 ordinatum

2248 1364 2481 1477 fuisse,
2532 1367 2739 1542 gocet
2770 1364 3003 1431 nobile
3046 1384 3353 1430 marmor
3396 1366 3584 1450 apud
3628 1364 3773 1429 Do·

2250 1481 2481 1527 mum:
2558 1515 2559 1520 1
2724 1509 2733 1520 .
3111 1487 3117 1496 ’

2351 1654 2538 1720 ΙΜΡ.
2658 1653 3034 1721 CAESAR.
3171 1653 3777 1720 VESPASIANVS

2253 1749 2465 1816 AVG.
2540 1748 2729 1815 COS.
2804 1752 2995 1819 VIII.
3076 1752 3134 1815 F
3139 1751 3355 1818 INES.
3443 1751 3775 1818 LOCOR.

2255 1842 2698 1913 DICATOR.
2785 1848 3160 1913 DIANAE.
3270 1846 3778 1913 TIFATINAE

2260 1941 2747 2008 CORNELIO.
2832 1945 3146 2010 SVLLA.
3193 1945 3336 2010 Ex.
3447 1946 3505 2010 F
3509 1945 3782 2011 ORMA

2254 2038 2480 2107 DIVI.
2512 2036 2727 2107 AVG.
2774 2040 3281 2107 RESTITVIT

2259 2232 2667 2298 Addendum
2708 2232 2932 2298 adhuc
2953 2233 3263 2314 videtur,
3315 2236 3503 2319 quod
3534 2231 3621 2299 de
3638 2234 3784 2301 Sul·

2258 2329 2333 2392 la
2373 2341 2611 2394 narrat
2656 2331 3103 2414 PlutarchuS,
3155 2328 3219 2412 θ)
3291 2331 3379 2395 ab
3430 2319 3513 2396 eo
3563 2334 3779 2397 moni-

2261 2436 2406 2489 tum
2443 2426 2840 2507 Lucullum,
2892 2428 3063 2491 nihil
3093 2419 3374 2515 perind‘e
3409 2427 3679 2493 firmum
3711 2440 3789 2492 ut

2265 2523 2512 2602 ducat,
2570 2543 2777 2607 quam
2831 2525 3016 2608 quod
3065 2524 3423 2589 secundum
3487 2526 3788 2609 quietem

2265 2620 2329 2682 ei
2363 2620 2703 2706 praecipit
2746 2622 2938 2685 deus.
3040 2620 3383 2706 Stratum,
3436 2623 3547 2686 cui
3596 2621 3791 2686 Sulla

2262 2715 2638 2796 incumbit,
2690 2738 3052 2803 perperam
3106 2718 3520 2785 Vaillantius
3550 2720 3813 2785 literae

2261 2812 2597 2891 Punicae,
2649 2824 2770 2878 aut
2805 2815 3345 2902 ignotaaputat.

2362 2910 2564 2974 Iuvat
2597 2909 2914 2975 hocloco
2948 2912 3182 2974 mirari
3216 2924 3791 2979 commentatores

2265 3002 2526 3070 nostros
2565 3006 2639 3069 in
2693 3006 3121 3092 explicandis
3184 3006 3607 3080 familiarum
3667 3030 3789 3073 nu·

2265 3104 2398 3166 mis
2459 3122 2894 3187 nequaquam
2944 3102 3262 3168 difficiles
3310 3123 3394 3168 ac
3461 3105 3791 3172 morosos.

2268 3196 2447 3262 Sane
2488 3210 2563 3261 ut
2609 3199 2947 3277 vidimu3‚
3013 3200 3583 3287 Havercampu8‚
3672 3204 3795 3287 qui

2269 3307 2475 3360 antea
2491 3292 2670 3358 hunc
2704 3293 2780 3358 L.
2800 3296 3060 3360 Bucam
3083 3295 3504 3379 quaestorem
3536 3298 3794 3379 Sullae,

2269 3405 2340 3456 et
2384 3389 2657 3455 1111viri
2693 3404 2960 3475 partem
2991 3392 3409 3457 confidenter
3446 3393 3797 3459 constitue·

2269 3499 2380 3554 rat
2409 3535 2429 3567 ,
2482 3499 2758 3573 repente
2796 3508 3078 3554 numum
3112 3490 3293 3553 intra
3327 3487 3637 3555 Caesaris
3667 3494 3795 3555 im-

2269 3585 2533 3672 perium
2562 3586 2767 3672 cogit.
2866 3584 2939 3649 Si
2963 3584 3181 3649 solida
3208 3586 3373 3650 olim
3393 3587 3650 3665 docuit,
3677 3607 3800 3652 cur

2271 3695 2415 3747 tam
2452 3679 2666 3746 »facile
2697 3679 2977 3762 deserit,
3028 3680 3120 3744 sin
3174 3683 3430 3761 intuta,
3485 3683 3803 3766 quorsum

2273 3788 2470 3842 tanta
2498 3774 2973 3841 confidentia?
3026 3777 3274 3863 Liquet
3323 3779 3413 3844 ab
3466 3778 3602 3842 hoc
3658 3800 3801 3846 uno

2276 3873 2595 3958 exemplo
2649 3872 2902 3958 (neque
2944 3874 3123 3945 enim
3174 3875 3363 3938 lubet
3412 3877 3480 3938 in
3527 3874 3799 3962 lingulis

2276 3986 2480 4054 agere
2513 3966 2891 4054 censorem)
2944 3989 3120 4053 quae
3157 3969 3352 4057 saepe
3376 3970 3548 4036 fides
3571 3971 3645 4034 fit
3679 3975 3805 4039 ha-

2277 4063 2505 4128 benda
2557 4065 2935 4130 Vaillantio
2962 4113 2982 4145 ,
3057 4080 3178 4131 aut
3244 4069 3731 4156 Havercampo
3782 4119 3808 4152 ,

2268 4180 2434 4241 ‘cum
2470 4181 2646 4245 quae
2686 4165 2985 4226 maxime
3020 4162 3346 4251 ambigua
3367 4164 3533 4249 sunt,
3583 4168 3805 4232 incer-

2279 4270 2394 4336 ta,
2448 4257 2892 4336 fluctuantia,
2947 4260 3134 4324 velut
3186 4273 3373 4324 certa
3436 4274 3505 4326 et
3567 4260 3827 4352 explo-'

2282 4365 2438 4419 rata
2474 4353 2885 4439 obtrudunt,
2938 4365 3006 4418 et
3038 4358 3361 4423 continuo
3407 4379 3495 4423 ex
3527 4363 3826 4458 tripode·

2452 4664 2500 4732 c)
2532 4665 2595 4717 in
2633 4661 2784 4717 Sulla
2822 4683 2883 4737 p,
2918 4682 2995 4727 m,
3031 4680 3156 4736 454,
