4175 5450
1086 554 1262 700 An
1366 561 2861 700 NvMos·FAM1L1ARvM.

3434 638 3535 709 95

305 887 317 899 ,
387 823 462 889 id
507 837 868 888 numorum
901 843 1109 910 genus
1129 823 1499 890 ‘Germanis
1532 824 1722 889 fuifl'e
1749 842 1903 910 pro·
1988 822 2227 885 lierem
2260 820 2434 906 bigis
2472 829 2743 884 vectam
2771 826 2777 832 '
2808 814 3173 897 exhibent,
3210 825 3323 883 'at
3383 795 3524 887 non

386 921 665 999 batum,
721 941 932 1006 quam
971 923 1155 1007 quod
1194 943 1360 1009 prae
1394 922 1546 986 aliis
1597 921 1909 1007 suspicio·

384 1036 471 1082 ne
530 1018 805 1081 latentis
884 1019 1063 1083 intus
1132 1021 1310 1083 aeris
1364 1022 1623 1097 caruit,
1675 1018 1774 1081 uti
1846 1028 1915 1079 et

384 1112 771 1200 praetulere
823 1114 1094 1202 bigatos
1136 1127 1453 1194 vetera,
1506 1117 1671 1200 quia
1716 1127 1913 1179 vetus

383 1221 1083 1298 moneta‘argentea,
1159 1215 1346 1293 cujus
1407 1225 1616 1298 typus
1679 1213 1915 1299 potior

383 1305 660 1369 fuerunt
695 1307 899 1395 bigae
925 1355 946 1387 ‚
1001 1321 1067 1372 et
1116 1312 1378 1396 argenti
1430 1310 1727 1396 purioris
1759 1305 1913 1386 fuit,

388 1414 457 1467 et
511 1405 850 1490 ponderis
888 1401 1232 1490 justioriS,
1301 1427 1509 1492 quam
1582 1426 1718 1491 quo
1771 1417 1915 1470 tum

387 1501 683 1586 pecunia
742 1499 1081 1587 Augustea
1129 1502 1538 1589 signabatur.
1637 1502 1919 1587 Reperit

386 1609 620 1659 tamen
657 1598 1023 1681 cupiditaS,
1049 1600 1156 1662 cui
1190 1599 1360 1663 nihil
1396 1620 1535 1663 non
1572 1601 1912 1690 pervium,

390 1692 600 1754 etiam
632 1692 760 1756 hos
807 1712 1049 1757 numos
1100 1695 1536 1760 adulterandi
1589 1696 1910 1768 modum3

386 1790 551 1853 n'am
593 1792 732 1869 ejus
772 1791 1033 1873 generis
1082 1791 1346 1877 aliquot
1385 1792 1530 1857 sunt
1593 1790 1914 1878 exempla

391 1887 463 1948 in
503 1885 729 1948 museo
768 1884 1145 1966 Caesareo,
1199 1899 1265 1952 et
1295 1888 1499 1968 alibi,
1554 1910 1731 1975 quae
1763 1908 1911 1974 per·

387 1978 536 2067 tusa
584 1980 907 2067 pellicula
951 1983 1170 2048 latens
1205 1986 1508 2070 ignobile
1547 1985 1906 2051 metallum

389 2079 709 2165 produnta
814 2077 1041 2160 Quam
1084 2081 1355 2160 causam
1419 2083 1551 2148 effe
1621 2095 1909 2168 putant,

393 2193 513 2239 cur
554 2172 836 2236 fallente
874 2175 1029 2255 lhac
1079 2197 1351 2261 quoque
1433 2183 1750 2245 cautione
1818 2178 1913 2242 ad

389 2282 695 2334 veterem
775 2271 1055 2333 modum
1117 2273 1191 2334 fit
1238 2276 1556 2339 reditum.
1702 2275 1908 2351 Dixi,

389 2366 790 2430 sententiam
831 2365 1010 2428 hanc
1065 2367 1192 2429 ess'e
1236 2368 1700 2443 verifimilem3
1754 2388 1912 2430 nam

393 2471 652 2527 certam
695 2460 1020 2545 spondere
1058 2481 1194 2527 non
1238 2462 1469 2528 ausim.
1572 2463 1911 2528 Continuo

365 2559 576 2624 -enim
610 2556 1024 2637 videbimus,
1078 2581 1164 2625 ex
1199 2562 1420 2624 numis
1463 2581 1598 2625 una
1641 2561 1909 2624 eadem-

395 2674 526 2742 que
555 2665 783 2717 aetate
822 2654 1093 2742 [ignatis
1136 2655 1312 2721 alios
1357 2656 1547 2733 fuiss'e
1581 2659 1910 2736 serratos,

394 2754 571 2818 alios
617 2771 752 2814 non
799 2753 1006 2830 item3
1035 2756 1307 2820 ’deinde
1344 2754 1387 2818 fi
1437 2758 1679 2821 addita
1732 2755 1916 2819 serra

391 2849 527 2913 fuit
572 2849 663 2913 ad
699 2849 1146 2937 detegendam
1199 2851 1519 2918 fraudem
1580 2856 1653 2918 in
1709 2853 1911 2915 dena-

392 2947 514 3009 riis
530 2992 552 3025 ,
602 2947 845 3008 mirum
890 2949 1247 3033 videatur,
1300 2971 1417 3014 cur
1453 2952 1696 3015 eadem
1749 2966 1915 3013 cura

393 3061 531 3106 non
573 3044 783 3105 etiam
812 3043 1112 3129 impensa
1139 3045 1345 3111 fuerit
1377 3050 1743 3134 quinariis,
1797 3047 1914 3131 qui
1949 3124 1958 3129 ,

391 3141 560 3215 item
599 3137 791 3203 fuere
831 3144 1159 3226 argentei,
1213 3146 1376 3209 etin
1418 3165 1596 3230 quos
1616 3165 1751 3209 non
1786 3145 1912 3206 mi-

392 3252 563 3302 nore
600 3234 792 3301 rabie
870 3237 1201 3303 saevitum
1252 3240 1343 3304 ab
1412 3238 1910 3329 impostoribus

391 3334 685 3400 Accedit
732 3333 1049 3417 denique,
1101 3337 1380 3401 modum
1412 3340 1912 3402 contrariumin

319 3449 328 3455 ·
392 3431 618 3493 numis
665 3449 902 3515 regum
934 3431 1175 3514 Syriae
1219 3432 1701 3508 observatum3
1752 3452 1913 3496 nam

397 3543 488 3586 ex
520 3522 628 3586 his
671 3538 1027 3608 argenteus
1067 3525 1290 3590 nullus
1332 3526 1422 3589 est
1458 3528 1787 3606 serratus,
1842 3540 1919 3591 at

395 3617 531 3683 fuit
576 3631 844 3705 tempus
871 3667 890 3697 ‚
945 3641 1082 3706 quo
1124 3641 1375 3687 aeneos
1415 3625 1483 3685 in
1514 3622 1731 3686 serrae
1770 3642 1918 3687 rno-

393 3716 563 3780 dum
602 3712 961 3789 finxerunt.
1064 3720 1154 3780 Vt
1175 3738 1335 3805 ergo
1360 3717 1557 3804 hujus
1585 3720 1769 3806 apud
1791 3718 1915 3804 Sy-

397 3831 514 3877 ros
548 3809 828 3875 instituti
875 3811 1079 3876 causa
1107 3826 1289 3878 certe
1320 3836 1454 3879 non
1493 3816 1626 3882 fuit
1673 3829 1916 3907 metus,

395 3930 482 3975 ne
541 3910 839 3994 pecunia
885 3924 1474 3996 corrumperetur,
1554 3913 1640 3979 fic
1701 3916 1911 3979 etiam

395 4007 584 4092 apud
622 4007 977 4072 Romanos
1020 4006 1163 4071 alia
1193 4011 1419 4095 potuit
1454 4015 1592 4095 ejus
1634 4013 1917 4076 interce-

399 4105 559 4169 dere
607 4102 848 4187 causa,
900 4124 1104 4189 quam
1146 4105 1580 4192 ignoramu3‚
1632 4121 1700 4173 et
1735 4106 1916 4174 forte

397 4198 541 4263 alia
578 4217 718 4264 non
769 4199 938 4278 fuit,
997 4220 1204 4285 quam
1249 4212 1459 4266 unum
1519 4204 1916 4285 arbitrium,

399 4308 470 4358 et
503 4297 808 4360 novandi
844 4297 1105 4376 libido,
1175 4320 1384 4384 quam
1446 4301 1766 4388 deinceps
1818 4323 1917 4366 re-

395 4393 658 4455 tinuere
699 4391 844 4471 alii,
896 4394 1016 4457 alii
1046 4415 1184 4459 non
1214 4398 1402 4467 item.
1505 4398 1687 4482 Quid
1734 4398 1922 4482 quod

397 4506 570 4550 unus
621 4489 936 4573 idemque
961 4489 1394 4579 magistratus
1430 4495 1586 4560 aliis
1621 4497 1922 4562 denariis

396 4586 527 4650 suis
565 4583 815 4648 serram
878 4588 1192 4667 addidit,
1257 4591 1327 4652 in
1384 4592 1540 4656 aliis
1582 4591 1921 4658 abstinuit.

398 4683 509 4748 Sic
560 4681 793 4745 serrati
827 4682 972 4747 sunt
1003 4686 1266 4751 denarii
1298 4686 1595 4774 Egnatii‚
1629 4692 1747 4776 qui
1779 4711 1925 4756 mu·

1990 919 2130 997 illi,
2167 920 2301 1003 >qui
2349 918 2525 981 alios
2558 915 2815 979 habent
2852 927 3057 1000 typos
3080 962 3101 993 ,
3155 915 3268 979 etfi
3306 918 3525 982 omni·

1992 1035 2109 1080 um
2190 1015 2477 1077 eundem
2548 1013 2674 1077 effe
2723 1024 3074 1076 auctorem
3156 1012 3523 1099 Egnatium

1993 1111 2137 1196 ipsa
2179 1112 2549 1197 epigraphe
2598 1111 2880 1173 doceat.
3031 1108 3220 1180 Idem
3309 1112 3525 1178 etiam

1997 1208 2289 1290 conjicio
2329 1227 2416 1271 ex
2456 1208 2674 1271 numis
2709 1208 2998 1293 Papiae,
3053 1216 3121 1267 et
3154 1205 3523 1275 Prociliae.

1993 1306 2306 1370 Adverto
2357 1304 2688 1390 denique,
2739 1301 2785 1365 fi
2821 1302 2934 1387 qui
2970 1302 3269 1383 ejusdem
3311 1303 3523 1388 speci-

1995 1401 2059 1465 ei
2100 1401 2248 1465 sunt
2278 1399 2537 1481 serrati,
2587 1402 2876 1466 serratos
2899 1398 3035 1462 ‹ess‘e
3073 1417 3310 1463 omnes
3327 1419 3359 1477 ,·
3401 1400 3525 1484 qui
3590 1458 3597 1465 .

1995 1499 2086 1561 ad
2117 1515 2272 1561 eam
2307 1500 2665 1583 pertinent.
2782 1497 2890 1560 Ita
2929 1495 3163 1560 serrati
3192 1495 3334 1559 sunt
3372 1517 3519 1561 orn-

1994 1614 2115 1657 nes
2161 1595 2363 1679 Papii
2402 1615 2555 1659 cum
2585 1608 2759 1682 typo
2809 1591 3055 1679 gryphi
3114 1594 3521 1674 currentis,

1996 1709 2234 1754 omnes
2263 1692 2541 1755 Procilii
2575 1710 2734 1755 cum
2775 1704 2948 1777 typo
2990 1688 3274 1776 Sispitae
3303 1691 3375 1754 in
3412 1690 3521 1755 bi-

1994 1788 2097 1874 gis
2124 1835 2145 1866 ,
2197 1806 2432 1852 omnes
2511 1789 2792 1852 Antonii
2862 1784 3109 1864 Balbi,
3177 1774 3520 1872 Scipionis

1992 1884 2381 1970 Afiagenis‚
2434 1885 2650 1949 verbo
2684 1899 2965 1962 omneS‚
3021 1902 3307 1965 quorum
3353 1903 3523 1949 mox

1994 1980 2387 2067 catalogum
2420 1980 2731 2049 habebis.
2829 1977 2904 2045 Si
2947 1980 3063 2064 qui
3102 1999 3190 2043 ex
3229 1979 3336 2043 his
3390 1975 3519 2045 sei·-

1993 2080 2127 2141 rati
2167 2097 2303 2142 non
2337 2078 2480 2142 sunt
2505 2126 2525 2155 ,
2578 2090 2835 2143 certum
2874 2075 3168 2153 habeto,
3226 2089 3348 2140 aut
3385 2077 3517 2142 ess'e

1994 2174 2297 2262 spurios,
2353 2187 2474 2240 aut
2509 2174 2949 2251 subaeratos,
3029 2186 3150 2238 aut
3196 2172 3518 2238 semibar-

1992 2272 2247 2355 baros,
2300 2286 2368 2339 et
2400 2273 2588 2357 quod
2637 2272 2973 2357 sequitur,
3054 2282 3175 2335 aut
3249 2270 3522 2335 clande-

1998 2364 2198 2444 stine,
2248 2382 2372 2432 aut
2414 2380 2595 2432 certe
2640 2367 2830 2431 nulla
2874 2365 3299 2454 magistratus
3375 2369 3517 2431 Ro-

1996 2463 2183 2524 mani
2255 2465 2665 2525 auctoritate
2742 2462 3079 2546 perculsos
3116 2508 3136 2539 ,
3231 2483 3525 2547 quorum

1997 2558 2305 2621 omnium
2347 2556 2548 2644 plura
2592 2557 2916 2643 exempla
2966 2557 3118 2620 sunt
3156 2559 3227 2622 in
3290 2557 3528 2624 museo

1998 2649 2361 2720 Caesareo.

2094 2750 2325 2816 Restat
2359 2750 2934 2831 examinandum,
3006 2767 3145 2835 quo
3206 2761 3525 2838 tempore

1995 2849 2111 2913 hie
2148 2850 2395 2914 modus
2429 2850 2771 2935 coeperit,
2848 2860 2917 2912 et
2994 2866 3134 2933 quo
3182 2847 3523 2914 deliverit.

1996 2946 2205 3031 Quod
2237 2960 2607 3033 antequam
2646 2944 3013 3030 exsequar,
3061 2941 3251 3009 lubet
3285 2965 3529 3011 eorum

1995 3042 2386 3130 catalogum
2413 3064 2499 3108 ex
2534 3043 2678 3107 solo
2709 3043 2937 3107 museo
2974 3039 3308 3105 Caesareo
3328 3062 3531 3128 prae-

1997 3140 2233 3229 figere.
2330 3141 2573 3206 Vtrum
2624 3152 2898 3226 praeter
2935 3138 3107 3220 hos,
3160 3158 3333 3223 quos
3409 3140 3529 3203 de-

1983 3237 2311 3322 ·scribam,
2339 3238 2460 3301 alii
2491 3230 2718 3301 adhuc
2751 3233 3004 3301 exstent
3041 3235 3298 3314 serrati,
3329 3237 3523 3333 igno-

1996 3355 2112 3410 τος
2165 3355 2326 3398 nam
2370 3345 2685 3398 auctores
2724 3331 2967 3413 nostri,
3021 3332 3139 3419 qui
3168 3344 3292 3396 aut
3335 3346 3527 3399 cata-

1997 3430 2193 3518 log'os
2237 3450 2596 3493 numorum
2628 3428 2984 3493 confecere
3019 3476 3040 3508 ,
3084 3440 3214 3493 aut
3260 3430 3524 3497 iconis-

1997 3546 2156 3607 mos
2194 3526 2645 3613 proposuere,
2694 3526 2872 3589 hanc
2924 3544 3307 3589 memorare
3343 3530 3561 3614 peri--

2002 3621 2188 3709 stafin
2225 3622 2530 3709 plerique
2568 3621 3033 3706 neglexerunt.
3096 3612 3103 3621 ‘

2172 3878 2527 3999 Catatogus
2572 3931 2900 3981 numerum
2929 3906 3355 4001 senatorum.

2098 4106 2415 4194 Afra'nIa.
2467 4096 2771 4173 Numus':
2826 4108 2928 4173 M.
2956 4107 3231 4178 AFRA.·
3269 4110 3527 4177 ex-solo

2003 4204 2232 4270 museo
2263 4205 2599 4271 Caesareo
2623 4205 2950 4294 cognitus.

2004 4302 2117 4369 fra
2139 4302 2306 4367 loco
2342 4302 2457 4366 suo
2500 4302 2923 4390 descriptum.

2045 4460 2052 4465 .
2102 4398 2417 4466 Antonia.
2518 4400 2804 4464 Denarii
2843 4399 3176 4479 L.‚Balbi
3215 4423 3491 4469 omnes..

2107 4496 2407 4585 Aquillia.
2524 4497 2913 4561 Denarius:
2983 4501 3342 4567 VIRTVS.
3401 4501 3532 4564 111-
3558 4510 3580 4521 “

2009 4595 2214 4672 VIR,
2270 4596 2339 4658 in
2381 4601 2439 4670 ae
2490 4593 2721 4658 MAN.
2789 4593 3104 4678 AQVIL.
3164 4597 3394 4662 MAN.
3456 4597 3538 4664 F.

2010 4692 2247 4775 MAN.
2293 4692 2379 4758 N.
2425 4689 2682 4760 SICIL.
3168 4746 3174 4753 .

3049 4207 3225 4272 Eum
3243 4211 3402 4275 vide
3430 4211 3530 4281 in,-
3642 4288 3649 4291 .
