4175 5450
1196 496 1804 623 ΜνΜΜιΑ.
1905 494 2585 575 MVNATIA.
2680 450 2703 464 “

229 701 232 707 ’
341 710 500 778 Non
527 702 827 773 advertit
861 703 970 767 ad
983 683 1161 771 hanc
1180 698 1517 789 peristasm
1535 701 1861 786 Rege-rue,

339 808 458 892 qui
508 825 627 869 eos
672 800 788 867 sub
837 798 1129 885 Augusto
1194 799 1485 884 lignatus
1531 796 1860 880 putavit,

336 914 708 992 propterea
760 896 948 981 quod
984 896 1096 958 hic
1145 897 1463 959 narrante
1494 893 1721 955 Dione
1765 892 1858 955 ad

338 1018 591 1063 annum
624 997 710 1059 V.
747 991 823 1057 C.
861 1012 1000 1075 737
1035 990 1267 1076 aliqua
1303 991 1376 1052 in
1405 989 1585 1051 ludis
1621 988 1855 1050 Hono·

336 1096 398 1158 ri
451 1108 523 1158 et
550 1091 805 1158 Virtuti
830 1087 1032 1153 sacris
1063 1085 1470 1150 immutavit.
1525 1080 1591 1159 ἰ)
1645 1083 1858 1145 Numi

338 1188 650 1257 Galbae·
632 1233 652 1254 .
705 1183 1042 1253 HONOS.
1076 1183 1224 1249 ET.
1247 1179 1583 1251 VIRTVS
1606 1226 1629 1259 ,
1679 1190 1857 1243 uter-

3312 528 3453 623 357

1947 720 2080 783 que
2136 697 2369 783 genius
2419 696 2592 762 stans
2673 718 2828 763 cum
2914 697 3043 765 fuis
3092 700 3458 770 attributis.

1944 793 2255 859 HONOS
2286 813 2454 857 vero
2494 794 2672 860 solus
2710 797 2781 860 in
2812 796 3034 861 numia
3071 799 3172 874 M.
3204 800 3465 867 Aurelii

1940 891 2169 955 adhuc
2202 887 2534 957 Caesaris.

2037 986 2146 1050 De
2173 984 2401 1072 partis
2439 985 2719 1051 aversae
2775 986 3067 1055 ITALia
3116 1000 3187 1054 et
3229 986 3464 1059 Romo

1944 1081 2054 1170 egi
2102 1082 2175 1149 in
2208 1091 2407 1169 gente
2435 1081 2656 1150 Fufia.

1515 1400 2292 1563 MVMMI4

431 1661 638 1766 Numi
688 1665 1056 1734 Goltziani.

1473 1942 2323 2027 MVNATIA.

437 2147 620 2215 Gens
645 2144 961 2235 plebeia.
1042 2141 1438 2231 Cognomen
1456 2149 1758 2221 Plancus

1935 2146 2075 2212 liae
2110 2142 2563 2212 Narbonenfis
2605 2141 2909 2231 praefide
2951 2142 3042 2210 ad
3090 2146 3461 2214 Antonium

1937 2245 2275 2310 transivit.
2379 2243 2584 2326 Cujus
2618 2242 2817 2306 causa
2839 2242 3053 2308 officii
3077 2245 3465 2329 permiss'um
3519 2304 3524 2310 .
3611 2263 3616 2268 ·

643 2336 721 2405 C.
764 2335 1031 2399 CAES.
1059 2332 1243 2406 DIC.
1316 2336 1522 2401 TER.
1566 2339 1864 2404 Protome
1944 2342 2007 2402 ei
2061 2339 2445 2416 anlviris‚
2494 2343 2683 2403 utV.
2733 2338 2810 2402 C.
2885 2360 3008 2419 711
3081 2340 3165 2401 de
3250 2338 3468 2404 Gallis

644 2434 988 2502 Victoriae.

345 2533 426 2600 L.
460 2530 787 2596 PLANC.
829 2530 989 2592 PR.
1083 2528 1194 2591 vel
1257 2528 1575 2594 PRAEF.
1663 2531 1867 2595 VRB.

352 2632 606 2706 Gutta&
704 2627 852 2689 AV.
891 2623 971 2688 C.

641 2725 744 2789 M.
769 2717 1108 2784 ANTON.
1130 2718 1314 2782 IMP.
1333 2717 1548 2785 AVG.
1588 2719 1867 2786 IIIVIR.

507 2866 517 2877 .
650 2821 733 2882 R.
777 2819 851 2881 P.
903 2814 976 2878 C.
1031 2816 1258 2880 Lituus
1286 2826 1349 2878 et
1371 2826 1628 2901 guttas·

355 2918 436 2982 L.
487 2912 924 2980 PLANCVS.
987 2911 1190 2973 PRO.
1243 2909 1479 2985 Cos..
1551 2915 1620 2974 in
1694 2912 1869 2977 alio.-

352 3014 545 3078 IMP.
599 3009 834 3073 ITER.
883 3009 1116 3072 Guttus
1169 3011 1332 3070 inter
1351 3008 1597 3092 fulmen
1649 3022 1704 3071 et
1769 3029 1866 3071 ca-

351 3112 624 3176 duacum.
681 3105 989 3190 (Motelli
1026 3106 1094 3167 in
1136 3106 1397 3168 Munat.
1468 3119 1534 3166 et
1591 3112 1864 3181 Anton.)

452 3300 535 3362 L.
581 3299 927 3360 Munatius
966 3296 1261 3358 Plancus
1317 3314 1360 3355 a
1424 3292 1712 3356 Caesare
1768 3298 1867 3356 di-

357 3406 622 3457 ctatore
660 3393 866 3464 stetit,
921 3404 986 3457 ,et
1041 3391 1236 3452 initio
1296 3389 1453 3448 belli
1499 3392 1718 3450 civilis
1802 3392 1865 3449 in

357 3488 688 3570 Hispania
745 3486 1060 3546 adversus
1122 3485 1200 3546 L.
1255 3481 1610 3544 Afranium
1681 3496 1874 3544 arma

359 3584 537 3647 tulit.
639 3579 1032 3644 Praefectus
1073 3578 1320 3641 deinde
1371 3579 1517 3638 urbi
1555 3598 1597 3638 a
1632 3576 1874 3639 Caesa·

270 3714 274 3719 ·
358 3700 434 3742 re
475 3676 864 3744 constitutus
917 3694 1081 3736 mox
1131 3671 1428 3736 Galliam
1486 3662 1874 3737 ulteriorem

357 3772 721 3862 proconsul
763 3772 973 3849 rexit,
1043 3788 1178 3852 quo
1246 3782 1550 3854 tempore
1606 3769 1876 3854 Lugdu-

305 3872 312 3875 *
360 3892 523 3935 num
560 3869 898 3934 coloniam
941 3865 1245 3936 deduxit.
1345 3867 1452 3928 Ex
1503 3868 1570 3930 S.
1623 3864 1699 3930 C.
1743 3864 1875 3928 bel-

359 3967 502 4030 lum
542 3986 771 4052 gerere
807 3983 957 4027 cum
996 3964 1092 4026 M.
1137 3962 1432 4024 Antonio
1467 3960 1709 4043 juss'uS,
1762 3960 1877 4045 qui

363 4063 458 4125 ad
498 4064 840 4125 Mutinam
877 4060 1102 4122 victus
1144 4057 1217 4117 in
1251 4054 1551 4121 Galliam
1584 4055 1876 4142 fugerat,

364 4157 643 4243 prodita
676 4176 820 4241 rep.
863 4175 999 4218 una
1035 4173 1187 4218 eum
1235 4151 1502 4236 Lepido
1540 4165 1681 4217 tum
1720 4149 1878 4213 Gal-

437 4399 495 4458 a)
528 4388 702 4448 Thes.
739 4388 830 4441 Br.
866 4389 938 4444 Τ.
972 4389 1047 4442 11.
1083 4405 1143 4460 p.
1182 4389 1308 4458 566,

365 4453 467 4516 fin
658 4455 714 4520 d)
751 4425 880 4514 Dio.
1075 4460 1129 4525 e)
1167 4474 1224 4530 p.
1259 4469 1380 4525 439·
1415 4466 1469 4518 8.

472 4529 660 4619 (Vol.
717 4531 834 4612 V.)

1503 4384 1561 4455 b)
1598 4387 1714 4442 Dio
1750 4386 1816 4443 1..
1850 4387 2118 4443 XLVIII.
2156 4388 2188 4460 §
2226 4401 2311 4453 24.

1951 2435 2445 2518 triumpharet,
2522 2447 2590 2496 et
2647 2436 2715 2496 in
2769 2454 3020 2496 annum
3084 2435 3470 2516 sequentem

1955 2530 2184 2594 consul
2220 2529 2694 2613 designaretur.
2793 2532 2875 2593 V.
2907 2528 2981 2591 C.
3028 2541 3164 2606 714
3207 2531 3296 2593 ab
3338 2535 3474 2595 An·

1951 2628 2145 2688 tonio
2238 2627 2574 2710 regendae
2659 2624 2853 2689 Afiae
2939 2624 3353 2722 praeficitur.
3395 2613 3472 2707 1’)

1956 2720 2203 2786 Consul
2246 2722 2485 2785 iterum
2532 2726 2615 2788 V.
2670 2720 2748 2784 C.
2806 2735 2993 2802 718.
3044 2712 3295 2805 postea
3346 2722 3474 2804 Sy-

1949 2820 2095 2881 riae
2138 2816 2525 2903 praefectus
2568 2821 2653 2882 de
2701 2804 2861 2910 Sex.
2915 2820 3221 2902 Pompeji
3262 2819 3480 2881 caede

1952 2915 2041 2977 ab
2087 2911 2148 2976 se
2195 2916 2536 2997 imperata
2575 2916 2906 2997 suspectus
2943 2912 3091 2987 fuit.
3144 2920 3196 2988 ⁰)
3256 2919 3477 2996 Aper...

1950 3012 2036 3072 tis
2076 3010 2247 3071 inter
2311 3021 2666 3092 utrumque
2718 3008 3039 3070 IlIvirum
3101 3008 3478 3072 inimicitiis

1956 3106 2235 3168 Antonii
2270 3107 2580 3188 proditor
2614 3110 2704 3168 ad
2747 3104 3204 3168 Octavianum
3249 3119 3476 3168 trans·-

1953 3205 2099 3264 ivu.
2146 3220 2151 3223 ·
2203 3205 2287 3265 V.
2335 3200 2409 3261 C.
2454 3221 2587 3284 732
2634 3207 2972 3263 cenluram
3007 3202 3160 3286 egit.
3213 3191 3272 3278 ἆ)

2051 3300 2251 3356 Numi
2289 3298 2543 3377 prim-05
2581 3298 2792 3371 aurei,
2841 3298 3023 3376 iique
3060 3297 3250 3358 obvii
3274 3295 3475 3358 Plan·

1954 3409 2103 3449 cum
2147 3401 2564 3471 praelectum
2598 3392 2746 3451 urbi
2784 3391 3159 3473 appellant,
3213 3389 3298 3452 de
3337 3410 3475 3474 quo

1960 3484 2344 3564 magistratu
2385 3486 2739 3575 complura
2777 3486 3137 3548 observavi
3173 3487 3243 3547 in
3277 3497 3477 3570 gente
3586 3525 3588 3533 ‚

1960 3575 2200 3640 Cestia.
2303 3580 2449 3642 Hos
2478 3626 2500 3657 ‚
2544 3593 2616 3641 ut
2649 3592 2715 3642 et
2749 3580 3095 3661 sequentes
3130 3581 3476 3661 denarios,

1957 3673 2314 3756 praeclare
2365 3675 2664 3760 explicat
2718 3695 3021 3737 marmor
3071 3674 3379 3740 Gruteriz
3426 3682 3478 3758 ⁸)

1957 3769 2035 3833 L.
2082 3772 2418 3834 Munatius
2464 3771 2539 3836 L.
2574 3773 2651 3835 F.
2709 3770 2782 3835 L.
2830 3773 2924 3837 N.
2954 3771 3031 3835 L.
3064 3771 3479 3839 Pron-Plan-

1957 3883 2069 3928 cus
2111 3887 2234 3929 ros.
2287 3886 2445 3931 cens.
2484 3868 2632 3951 imp.
2659 3868 2803 3932 iter.
2858 3867 3106 3933 VIIvir
3155 3868 3310 3953 apul.
3346 3871 3477 3933 tri-

1957 3980 2126 4045 ump.
2156 3981 2237 4024 ex
2268 3961 2490 4027 Raetis
2504 4008 2526 4041 ,
2578 3962 2785 4027 aedem
2834 3963 3110 4029 Saturni
3150 3965 3348 4051 fecit,
3403 3964 3481 4040 ἄρ

1959 4055 2253 4122 manabis
2301 4078 2504 4141 agros
2532 4059 2734 4141 divisit
2770 4061 2845 4123 in
2875 4062 2908 4124 I
2914 4060 3071 4124 talia
3108 4064 3479 4141 Beneventi,

1957 4154 2028 4216 in
2064 4152 2267 4218 GaHia
2321 4155 2593 4219 colonias
2651 4154 2913 4222 deduxit
2992 4156 3380 4241 lugdunum.
3419 4165 3481 4222 et

2533 4389 2586 4456 ο)
2620 4390 2862 4462 Appiau.
2906 4390 2966 4444 Β.
3008 4392 3126 4446 (Σίν.
3162 4394 3233 4450 1..
3266 4394 3342 4448 V.
3378 4392 3476 4450 [ub

2932 4536 3000 4601 K
3044 4535 3094 4607 k
