<?xml version="1.0" encoding="UTF-8"?>
<!DOCTYPE html PUBLIC "-//W3C//DTD XHTML 1.0 Transitional//EN"
    "http://www.w3.org/TR/xhtml1/DTD/xhtml1-transitional.dtd">
<html xmlns="http://www.w3.org/1999/xhtml" xml:lang="en" lang="en">
 <head>
  <title>
</title>
<meta http-equiv="Content-Type" content="text/html;charset=utf-8" />
  <meta name='ocr-system' content='tesseract 3.04.00' />
  <meta name='ocr-capabilities' content='ocr_page ocr_carea ocr_par ocr_line ocrx_word'/>
</head>
<body>
  <div class='ocr_page' id='page_1' title='image "./doctrinanumorum06unkngoog_0092.png"; bbox 0 0 4175 5450; ppageno 0'>
   <div class='ocr_carea' id='block_1_1' title="bbox 1056 602 3499 739">
    <p class='ocr_par' dir='ltr' id='par_1_1' title="bbox 1056 602 3499 739">
     <span class='ocr_line' id='line_1_1' title="bbox 1056 602 3499 739; baseline 0.001 -50"><span class='ocrx_word' id='word_1_1' title='bbox 1056 610 1236 690; x_wconf 76' lang='lat' dir='ltr'><strong>AD</strong></span> <span class='ocrx_word' id='word_1_2' title='bbox 1304 602 1802 705; x_wconf 9' lang='lat' dir='ltr'><strong>*nvmos</strong></span> <span class='ocrx_word' id='word_1_3' title='bbox 1902 603 2810 739; x_wconf 60' lang='lat' dir='ltr'><strong>FAMILIARYM.</strong></span> <span class='ocrx_word' id='word_1_4' title='bbox 3115 698 3122 707; x_wconf 51' lang='grc'><strong><em>,</em></strong></span> <span class='ocrx_word' id='word_1_5' title='bbox 3415 639 3499 700; x_wconf 70' lang='lat'><strong>⁸1</strong></span> 
     </span>
    </p>
   </div>
   <div class='ocr_carea' id='block_1_2' title="bbox 339 800 3615 4378">
    <p class='ocr_par' dir='ltr' id='par_1_2' title="bbox 386 800 3484 993">
     <span class='ocr_line' id='line_1_2' title="bbox 386 800 3484 905; baseline 0 -23"><span class='ocrx_word' id='word_1_6' title='bbox 386 814 555 883; x_wconf 81' lang='lat' dir='ltr'><strong>buta</strong></span> <span class='ocrx_word' id='word_1_7' title='bbox 605 832 1087 901; x_wconf 82' lang='lat' dir='ltr'><strong>nonnunquam</strong></span> <span class='ocrx_word' id='word_1_8' title='bbox 1140 830 1297 874; x_wconf 87' lang='lat' dir='ltr'><strong>cum</strong></span> <span class='ocrx_word' id='word_1_9' title='bbox 1369 810 1677 896; x_wconf 84' lang='lat' dir='ltr'><strong>pluribus</strong></span> <span class='ocrx_word' id='word_1_10' title='bbox 1756 809 1906 876; x_wconf 82' lang='lat' dir='ltr'><strong>sunt</strong></span> <span class='ocrx_word' id='word_1_11' title='bbox 1981 831 2159 896; x_wconf 81' lang='lat' dir='ltr'><strong>quae</strong></span> <span class='ocrx_word' id='word_1_12' title='bbox 2207 811 2428 879; x_wconf 68' lang='lat' dir='ltr'><strong>minus</strong></span> <span class='ocrx_word' id='word_1_13' title='bbox 2467 821 2722 877; x_wconf 76' lang='lat' dir='ltr'><strong>certam</strong></span> <span class='ocrx_word' id='word_1_14' title='bbox 2779 810 3036 879; x_wconf 85' lang='lat' dir='ltr'><strong>habent</strong></span> <span class='ocrx_word' id='word_1_15' title='bbox 3080 800 3484 905; x_wconf 83' lang='lat' dir='ltr'><strong>appellatio·</strong></span> 
     </span>
     <span class='ocr_line' id='line_1_3' title="bbox 388 908 2170 993; baseline -0.002 -15"><span class='ocrx_word' id='word_1_16' title='bbox 388 914 780 978; x_wconf 85' lang='lat' dir='ltr'><strong>eommunia</strong></span> <span class='ocrx_word' id='word_1_17' title='bbox 803 959 823 990; x_wconf 89' lang='lat'><strong>,</strong></span> <span class='ocrx_word' id='word_1_18' title='bbox 876 908 1158 989; x_wconf 77' lang='lat' dir='ltr'><strong>dubium</strong></span> <span class='ocrx_word' id='word_1_19' title='bbox 1229 908 1428 993; x_wconf 84' lang='lat' dir='ltr'>saepe</span> <span class='ocrx_word' id='word_1_20' title='bbox 1481 910 1905 993; x_wconf 68' lang='lat' dir='ltr'><strong>relinquunt,</strong></span> <span class='ocrx_word' id='word_1_21' title='bbox 1982 912 2170 976; x_wconf 76' lang='lat' dir='ltr'><strong>nem.</strong></span> 
     </span>
    </p>

    <p class='ocr_par' dir='ltr' id='par_1_3' title="bbox 389 1005 1909 1096">
     <span class='ocr_line' id='line_1_4' title="bbox 389 1005 1909 1096; baseline -0.004 -21"><span class='ocrx_word' id='word_1_22' title='bbox 389 1031 479 1076; x_wconf 85' lang='lat' dir='ltr'><strong>an</strong></span> <span class='ocrx_word' id='word_1_23' title='bbox 515 1021 723 1096; x_wconf 87' lang='lat' dir='ltr'><strong>caput</strong></span> <span class='ocrx_word' id='word_1_24' title='bbox 767 1007 1145 1072; x_wconf 86' lang='lat' dir='ltr'><strong>laureatum</strong></span> <span class='ocrx_word' id='word_1_25' title='bbox 1171 1051 1192 1081; x_wconf 87' lang='lat'>‚</span> <span class='ocrx_word' id='word_1_26' title='bbox 1246 1015 1310 1066; x_wconf 89' lang='lat' dir='ltr'><strong>et</strong></span> <span class='ocrx_word' id='word_1_27' title='bbox 1366 1005 1734 1069; x_wconf 87' lang='lat' dir='ltr'><strong>barbatum</strong></span> <span class='ocrx_word' id='word_1_28' title='bbox 1800 1006 1909 1070; x_wconf 84' lang='lat' dir='ltr'><strong>Io-</strong></span> 
     </span>
    </p>

    <p class='ocr_par' dir='ltr' id='par_1_4' title="bbox 385 1097 3006 1187">
     <span class='ocr_line' id='line_1_5' title="bbox 385 1097 3006 1187; baseline -0.001 -15"><span class='ocrx_word' id='word_1_29' title='bbox 385 1108 492 1172; x_wconf 80' lang='lat' dir='ltr'><strong>vis</strong></span> <span class='ocrx_word' id='word_1_30' title='bbox 545 1104 619 1169; x_wconf 85' lang='lat' dir='ltr'><strong>fit</strong></span> <span class='ocrx_word' id='word_1_31' title='bbox 650 1105 1089 1181; x_wconf 82' lang='lat' dir='ltr'><strong>censendum,</strong></span> <span class='ocrx_word' id='word_1_32' title='bbox 1140 1122 1228 1165; x_wconf 87' lang='lat' dir='ltr'><strong>an</strong></span> <span class='ocrx_word' id='word_1_33' title='bbox 1261 1099 1606 1187; x_wconf 82' lang='lat' dir='ltr'>Neptuni,</span> <span class='ocrx_word' id='word_1_34' title='bbox 1660 1120 1750 1165; x_wconf 87' lang='lat' dir='ltr'><strong>an</strong></span> <span class='ocrx_word' id='word_1_35' title='bbox 1777 1103 1914 1164; x_wconf 74' lang='lat' dir='ltr'><strong>Ae·</strong></span> <span class='ocrx_word' id='word_1_36' title='bbox 2403 1128 2410 1133; x_wconf 63' lang='grc'><strong><em>’</em></strong></span> <span class='ocrx_word' id='word_1_37' title='bbox 2493 1097 2725 1187; x_wconf 69' lang='lat' dir='ltr'><strong>capita</strong></span> <span class='ocrx_word' id='word_1_38' title='bbox 2769 1100 3006 1170; x_wconf 61' lang='lat' dir='ltr'><strong>virilia.</strong></span> 
     </span>
    </p>

    <p class='ocr_par' dir='ltr' id='par_1_5' title="bbox 381 1196 3144 1288">
     <span class='ocr_line' id='line_1_6' title="bbox 381 1196 3144 1288; baseline -0.004 -20"><span class='ocrx_word' id='word_1_39' title='bbox 381 1198 706 1288; x_wconf 71' lang='lat' dir='ltr'><strong>sculapii,</strong></span> <span class='ocrx_word' id='word_1_40' title='bbox 760 1202 877 1288; x_wconf 87' lang='lat' dir='ltr'><strong>qui</strong></span> <span class='ocrx_word' id='word_1_41' title='bbox 934 1219 1171 1265; x_wconf 80' lang='lat' dir='ltr'><strong>omnes</strong></span> <span class='ocrx_word' id='word_1_42' title='bbox 1206 1210 1274 1262; x_wconf 88' lang='lat' dir='ltr'><strong>et</strong></span> <span class='ocrx_word' id='word_1_43' title='bbox 1325 1197 1617 1262; x_wconf 88' lang='lat' dir='ltr'><strong>barbam</strong></span> <span class='ocrx_word' id='word_1_44' title='bbox 1653 1199 1915 1284; x_wconf 84' lang='lat' dir='ltr'>promi</span> <span class='ocrx_word' id='word_1_45' title='bbox 2385 1196 2394 1205; x_wconf 83' lang='lat'><strong><em>&#39;</em></strong></span> <span class='ocrx_word' id='word_1_46' title='bbox 2517 1206 2533 1225; x_wconf 87' lang='lat'><strong>·</strong></span> <span class='ocrx_word' id='word_1_47' title='bbox 2796 1215 2808 1230; x_wconf 93' lang='lat'><strong>·</strong></span> <span class='ocrx_word' id='word_1_48' title='bbox 3139 1225 3144 1229; x_wconf 87' lang='lat'><strong>·</strong></span> 
     </span>
    </p>

    <p class='ocr_par' dir='ltr' id='par_1_6' title="bbox 378 1290 3615 2627">
     <span class='ocr_line' id='line_1_7' title="bbox 384 1290 3496 1383; baseline 0.002 -21"><span class='ocrx_word' id='word_1_49' title='bbox 384 1298 642 1383; x_wconf 79' lang='lat' dir='ltr'><strong>ferunt,</strong></span> <span class='ocrx_word' id='word_1_50' title='bbox 693 1310 763 1363; x_wconf 86' lang='lat' dir='ltr'><strong>et</strong></span> <span class='ocrx_word' id='word_1_51' title='bbox 787 1299 987 1362; x_wconf 91' lang='lat' dir='ltr'><strong>lauro</strong></span> <span class='ocrx_word' id='word_1_52' title='bbox 1036 1295 1098 1359; x_wconf 88' lang='lat' dir='ltr'><strong>se</strong></span> <span class='ocrx_word' id='word_1_53' title='bbox 1142 1295 1527 1360; x_wconf 87' lang='lat' dir='ltr'><strong>induerunt.</strong></span> <span class='ocrx_word' id='word_1_54' title='bbox 1630 1295 1813 1379; x_wconf 86' lang='lat' dir='ltr'><strong>Quin</strong></span> <span class='ocrx_word' id='word_1_55' title='bbox 1842 1306 1911 1357; x_wconf 77' lang='lat' dir='ltr'><strong>et</strong></span> <span class='ocrx_word' id='word_1_56' title='bbox 2080 1290 2570 1381; x_wconf 66' lang='lat' dir='ltr'><strong>cmtjxvenite</strong></span> <span class='ocrx_word' id='word_1_57' title='bbox 2601 1292 3020 1363; x_wconf 59' lang='lat' dir='ltr'><strong>Manatum</strong></span> <span class='ocrx_word' id='word_1_58' title='bbox 3058 1301 3354 1365; x_wconf 62' lang='lat' dir='ltr'><strong>cencium</strong></span> <span class='ocrx_word' id='word_1_59' title='bbox 3407 1298 3496 1368; x_wconf 82' lang='lat' dir='ltr'><strong>ad</strong></span> 
     </span>
     <span class='ocr_line' id='line_1_8' title="bbox 383 1384 3496 1481; baseline -0 -23"><span class='ocrx_word' id='word_1_60' title='bbox 383 1396 578 1460; x_wconf 82' lang='lat' dir='ltr'><strong>sexus</strong></span> <span class='ocrx_word' id='word_1_61' title='bbox 631 1412 1119 1478; x_wconf 85' lang='lat' dir='ltr'><strong>nonnunquam</strong></span> <span class='ocrx_word' id='word_1_62' title='bbox 1175 1390 1577 1455; x_wconf 85' lang='lat' dir='ltr'><strong>difficulter</strong></span> <span class='ocrx_word' id='word_1_63' title='bbox 1593 1391 1908 1457; x_wconf 79' lang='lat' dir='ltr'><strong>discerni</strong></span> <span class='ocrx_word' id='word_1_64' title='bbox 1977 1392 2475 1481; x_wconf 65' lang='lat' dir='ltr'><strong>perpendiculum</strong></span> <span class='ocrx_word' id='word_1_65' title='bbox 2511 1384 3020 1477; x_wconf 66' lang='lat' dir='ltr'><strong>dependentibus,</strong></span> <span class='ocrx_word' id='word_1_66' title='bbox 3070 1396 3152 1459; x_wconf 89' lang='lat' dir='ltr'><strong>in</strong></span> <span class='ocrx_word' id='word_1_67' title='bbox 3172 1392 3496 1461; x_wconf 81' lang='lat' dir='ltr'><strong>Caecilia.</strong></span> 
     </span>
     <span class='ocr_line' id='line_1_9' title="bbox 380 1488 3493 1578; baseline 0 -23"><span class='ocrx_word' id='word_1_68' title='bbox 380 1503 513 1556; x_wconf 81' lang='lat' dir='ltr'><strong>tur.</strong></span> <span class='ocrx_word' id='word_1_69' title='bbox 617 1488 844 1576; x_wconf 85' lang='lat' dir='ltr'><strong>Caput</strong></span> <span class='ocrx_word' id='word_1_70' title='bbox 874 1489 1173 1573; x_wconf 85' lang='lat' dir='ltr'><strong>juvenile</strong></span> <span class='ocrx_word' id='word_1_71' title='bbox 1202 1488 1460 1552; x_wconf 87' lang='lat' dir='ltr'><strong>hedera</strong></span> <span class='ocrx_word' id='word_1_72' title='bbox 1475 1502 1906 1567; x_wconf 87' lang='lat' dir='ltr'><strong>coronatum,</strong></span> <span class='ocrx_word' id='word_1_73' title='bbox 1984 1491 2160 1557; x_wconf 80' lang='lat' dir='ltr'><strong>Istud</strong></span> <span class='ocrx_word' id='word_1_74' title='bbox 2205 1490 2728 1574; x_wconf 80' lang='lat' dir='ltr'><strong>Havercampus</strong></span> <span class='ocrx_word' id='word_1_75' title='bbox 2776 1490 2890 1555; x_wconf 88' lang='lat' dir='ltr'><strong>dei</strong></span> <span class='ocrx_word' id='word_1_76' title='bbox 2932 1492 3298 1578; x_wconf 85' lang='lat' dir='ltr'><strong>Triumphi</strong></span> <span class='ocrx_word' id='word_1_77' title='bbox 3345 1513 3493 1557; x_wconf 80' lang='lat' dir='ltr'><strong>cen-</strong></span> 
     </span>
     <span class='ocr_line' id='line_1_10' title="bbox 380 1581 3615 1670; baseline 0.001 -20"><span class='ocrx_word' id='word_1_78' title='bbox 380 1599 609 1655; x_wconf 78' lang='lat' dir='ltr'><strong>utrum</strong></span> <span class='ocrx_word' id='word_1_79' title='bbox 646 1586 1038 1665; x_wconf 85' lang='lat' dir='ltr'><strong>Bacchum,</strong></span> <span class='ocrx_word' id='word_1_80' title='bbox 1112 1606 1199 1649; x_wconf 88' lang='lat' dir='ltr'><strong>an</strong></span> <span class='ocrx_word' id='word_1_81' title='bbox 1247 1586 1596 1650; x_wconf 85' lang='lat' dir='ltr'><strong>Baccham</strong></span> <span class='ocrx_word' id='word_1_82' title='bbox 1655 1586 1909 1662; x_wconf 80' lang='lat' dir='ltr'><strong>dicas,</strong></span> <span class='ocrx_word' id='word_1_83' title='bbox 1981 1588 2115 1669; x_wconf 84' lang='lat' dir='ltr'><strong>set,</strong></span> <span class='ocrx_word' id='word_1_84' title='bbox 2167 1592 2225 1664; x_wconf 76' lang='lat'><strong>⁸)</strong></span> <span class='ocrx_word' id='word_1_85' title='bbox 2275 1598 2345 1649; x_wconf 82' lang='lat' dir='ltr'><strong>et</strong></span> <span class='ocrx_word' id='word_1_86' title='bbox 2397 1587 2649 1670; x_wconf 88' lang='lat' dir='ltr'><strong>probat</strong></span> <span class='ocrx_word' id='word_1_87' title='bbox 2706 1607 2794 1650; x_wconf 84' lang='lat' dir='ltr'><strong>ex</strong></span> <span class='ocrx_word' id='word_1_88' title='bbox 2845 1590 3067 1653; x_wconf 69' lang='lat' dir='ltr'><strong>numia</strong></span> <span class='ocrx_word' id='word_1_89' title='bbox 3118 1588 3502 1668; x_wconf 81' lang='lat' dir='ltr'><strong>Claudiae,</strong></span> <span class='ocrx_word' id='word_1_90' title='bbox 3607 1581 3615 1599; x_wconf 87' lang='lat'>&#39;</span> 
     </span>
     <span class='ocr_line' id='line_1_11' title="bbox 383 1679 3508 1772; baseline 0.001 -26"><span class='ocrx_word' id='word_1_91' title='bbox 383 1684 610 1759; x_wconf 76' lang='lat' dir='ltr'><strong>minus</strong></span> <span class='ocrx_word' id='word_1_92' title='bbox 652 1681 850 1768; x_wconf 88' lang='lat' dir='ltr'><strong>saepe</strong></span> <span class='ocrx_word' id='word_1_93' title='bbox 899 1682 1313 1769; x_wconf 85' lang='lat' dir='ltr'><strong>expeditum.</strong></span> <span class='ocrx_word' id='word_1_94' title='bbox 1412 1680 1786 1746; x_wconf 88' lang='lat' dir='ltr'><strong>Dubitatur</strong></span> <span class='ocrx_word' id='word_1_95' title='bbox 1816 1679 1929 1744; x_wconf 86' lang='lat' dir='ltr'><strong>ab.</strong></span> <span class='ocrx_word' id='word_1_96' title='bbox 1987 1697 2054 1748; x_wconf 92' lang='lat' dir='ltr'><strong>et</strong></span> <span class='ocrx_word' id='word_1_97' title='bbox 2091 1684 2355 1747; x_wconf 82' lang='lat' dir='ltr'><strong>Fabiae</strong></span> <span class='ocrx_word' id='word_1_98' title='bbox 2381 1728 2400 1759; x_wconf 89' lang='lat'>‚</span> <span class='ocrx_word' id='word_1_99' title='bbox 2449 1681 2520 1744; x_wconf 88' lang='lat' dir='ltr'><strong>in</strong></span> <span class='ocrx_word' id='word_1_100' title='bbox 2569 1683 2813 1769; x_wconf 77' lang='lat' dir='ltr'><strong>quibus</strong></span> <span class='ocrx_word' id='word_1_101' title='bbox 2863 1686 2955 1748; x_wconf 87' lang='lat' dir='ltr'><strong>ad</strong></span> <span class='ocrx_word' id='word_1_102' title='bbox 3022 1684 3229 1750; x_wconf 79' lang='lat' dir='ltr'><strong>simile</strong></span> <span class='ocrx_word' id='word_1_103' title='bbox 3300 1697 3508 1772; x_wconf 76' lang='lat' dir='ltr'><strong>caput</strong></span> 
     </span>
     <span class='ocr_line' id='line_1_12' title="bbox 385 1774 3500 1868; baseline 0.001 -25"><span class='ocrx_word' id='word_1_104' title='bbox 385 1774 816 1864; x_wconf 50' lang='lat' dir='ltr'><strong>antiquariis}</strong></span> <span class='ocrx_word' id='word_1_105' title='bbox 868 1776 1025 1841; x_wconf 84' lang='lat' dir='ltr'><strong>fitne</strong></span> <span class='ocrx_word' id='word_1_106' title='bbox 1060 1789 1267 1862; x_wconf 86' lang='lat' dir='ltr'><strong>caput</strong></span> <span class='ocrx_word' id='word_1_107' title='bbox 1298 1778 1668 1864; x_wconf 83' lang='lat' dir='ltr'><strong>galeatum,</strong></span> <span class='ocrx_word' id='word_1_108' title='bbox 1722 1777 1908 1863; x_wconf 88' lang='lat' dir='ltr'><strong>quod</strong></span> <span class='ocrx_word' id='word_1_109' title='bbox 1986 1782 2262 1845; x_wconf 77' lang='lat' dir='ltr'><strong>additur</strong></span> <span class='ocrx_word' id='word_1_110' title='bbox 2325 1780 2391 1841; x_wconf 90' lang='lat' dir='ltr'>T</span> <span class='ocrx_word' id='word_1_111' title='bbox 2418 1824 2440 1857; x_wconf 87' lang='lat'>,</span> <span class='ocrx_word' id='word_1_112' title='bbox 2507 1800 2751 1866; x_wconf 87' lang='lat' dir='ltr'><strong>nempe</strong></span> <span class='ocrx_word' id='word_1_113' title='bbox 2840 1781 3204 1868; x_wconf 85' lang='lat' dir='ltr'><strong>Triumphi</strong></span> <span class='ocrx_word' id='word_1_114' title='bbox 3293 1781 3500 1846; x_wconf 83' lang='lat' dir='ltr'><strong>litera</strong></span> 
     </span>
     <span class='ocr_line' id='line_1_13' title="bbox 381 1873 3511 1963; baseline 0.001 -25"><span class='ocrx_word' id='word_1_115' title='bbox 381 1873 472 1939; x_wconf 87' lang='lat' dir='ltr'><strong>est</strong></span> <span class='ocrx_word' id='word_1_116' title='bbox 554 1876 623 1937; x_wconf 88' lang='lat' dir='ltr'><strong>in</strong></span> <span class='ocrx_word' id='word_1_117' title='bbox 666 1875 963 1938; x_wconf 76' lang='lat' dir='ltr'><strong>denariis</strong></span> <span class='ocrx_word' id='word_1_118' title='bbox 1045 1874 1338 1938; x_wconf 82' lang='lat' dir='ltr'><strong>Satrieni</strong></span> <span class='ocrx_word' id='word_1_119' title='bbox 1370 1920 1391 1952; x_wconf 86' lang='lat'>,</span> <span class='ocrx_word' id='word_1_120' title='bbox 1441 1874 1691 1939; x_wconf 80' lang='lat' dir='ltr'><strong>Martis</strong></span> <span class='ocrx_word' id='word_1_121' title='bbox 1723 1922 1745 1955; x_wconf 88' lang='lat'>,</span> <span class='ocrx_word' id='word_1_122' title='bbox 1820 1891 1911 1936; x_wconf 81' lang='lat' dir='ltr'><strong>an</strong></span> <span class='ocrx_word' id='word_1_123' title='bbox 1984 1879 2330 1963; x_wconf 68' lang='lat' dir='ltr'><strong>princeps.</strong></span> <span class='ocrx_word' id='word_1_124' title='bbox 2423 1877 2679 1940; x_wconf 86' lang='lat' dir='ltr'><strong>Verum</strong></span> <span class='ocrx_word' id='word_1_125' title='bbox 2723 1876 2797 1940; x_wconf 89' lang='lat' dir='ltr'><strong>hi</strong></span> <span class='ocrx_word' id='word_1_126' title='bbox 2826 1878 3087 1943; x_wconf 83' lang='lat' dir='ltr'><strong>denarii</strong></span> <span class='ocrx_word' id='word_1_127' title='bbox 3146 1878 3290 1942; x_wconf 86' lang='lat' dir='ltr'><strong>sunt</strong></span> <span class='ocrx_word' id='word_1_128' title='bbox 3349 1876 3511 1941; x_wconf 75' lang='lat' dir='ltr'><strong>Gol-</strong></span> 
     </span>
     <span class='ocr_line' id='line_1_14' title="bbox 378 1966 3511 2057; baseline 0.002 -24"><span class='ocrx_word' id='word_1_129' title='bbox 378 1969 708 2034; x_wconf 79' lang='lat' dir='ltr'><strong>Palladis.</strong></span> <span class='ocrx_word' id='word_1_130' title='bbox 825 1971 1156 2034; x_wconf 84' lang='lat' dir='ltr'><strong>Videmus</strong></span> <span class='ocrx_word' id='word_1_131' title='bbox 1240 1971 1448 2035; x_wconf 85' lang='lat' dir='ltr'><strong>etiam</strong></span> <span class='ocrx_word' id='word_1_132' title='bbox 1533 1970 1909 2045; x_wconf 84' lang='lat' dir='ltr'><strong>attributa,</strong></span> <span class='ocrx_word' id='word_1_133' title='bbox 1985 1975 2223 2037; x_wconf 86' lang='lat' dir='ltr'><strong>tziani.</strong></span> <span class='ocrx_word' id='word_1_134' title='bbox 2372 1966 2600 2057; x_wconf 86' lang='lat' dir='ltr'><strong>Caput</strong></span> <span class='ocrx_word' id='word_1_135' title='bbox 2665 1972 2871 2038; x_wconf 78' lang='lat' dir='ltr'><strong>[imile</strong></span> <span class='ocrx_word' id='word_1_136' title='bbox 2906 1975 3022 2037; x_wconf 71' lang='lat' dir='ltr'><strong>‘in</strong></span> <span class='ocrx_word' id='word_1_137' title='bbox 3079 1975 3388 2050; x_wconf 83' lang='lat' dir='ltr'><strong>Marcia,</strong></span> <span class='ocrx_word' id='word_1_138' title='bbox 3440 1986 3511 2038; x_wconf 83' lang='lat' dir='ltr'><strong>et</strong></span> 
     </span>
     <span class='ocr_line' id='line_1_15' title="bbox 382 2066 3500 2156; baseline 0.001 -28"><span class='ocrx_word' id='word_1_139' title='bbox 382 2085 560 2151; x_wconf 84' lang='lat' dir='ltr'><strong>quae</strong></span> <span class='ocrx_word' id='word_1_140' title='bbox 603 2066 805 2129; x_wconf 86' lang='lat' dir='ltr'><strong>certis</strong></span> <span class='ocrx_word' id='word_1_141' title='bbox 840 2066 971 2129; x_wconf 87' lang='lat' dir='ltr'><strong>diis</strong></span> <span class='ocrx_word' id='word_1_142' title='bbox 1008 2066 1241 2129; x_wconf 85' lang='lat' dir='ltr'><strong>saltem</strong></span> <span class='ocrx_word' id='word_1_143' title='bbox 1274 2087 1359 2129; x_wconf 84' lang='lat' dir='ltr'><strong>ex</strong></span> <span class='ocrx_word' id='word_1_144' title='bbox 1399 2079 1680 2152; x_wconf 85' lang='lat' dir='ltr'><strong>recepto</strong></span> <span class='ocrx_word' id='word_1_145' title='bbox 1716 2083 1913 2133; x_wconf 77' lang='lat' dir='ltr'><strong>more</strong></span> <span class='ocrx_word' id='word_1_146' title='bbox 1984 2071 2376 2156; x_wconf 87' lang='lat' dir='ltr'><strong>Pomponia</strong></span> <span class='ocrx_word' id='word_1_147' title='bbox 2408 2069 2574 2133; x_wconf 89' lang='lat' dir='ltr'><strong>dicit</strong></span> <span class='ocrx_word' id='word_1_148' title='bbox 2605 2069 2945 2156; x_wconf 83' lang='lat' dir='ltr'><strong>Apollinis</strong></span> <span class='ocrx_word' id='word_1_149' title='bbox 2978 2118 2999 2149; x_wconf 90' lang='lat'>‚</span> <span class='ocrx_word' id='word_1_150' title='bbox 3047 2073 3156 2134; x_wconf 85' lang='lat' dir='ltr'><strong>cui</strong></span> <span class='ocrx_word' id='word_1_151' title='bbox 3190 2070 3500 2134; x_wconf 86' lang='lat' dir='ltr'><strong>sententi-</strong></span> 
     </span>
     <span class='ocr_line' id='line_1_16' title="bbox 378 2163 3511 2250; baseline 0.001 -25"><span class='ocrx_word' id='word_1_152' title='bbox 378 2180 518 2225; x_wconf 82' lang='lat' dir='ltr'><strong>non</strong></span> <span class='ocrx_word' id='word_1_153' title='bbox 555 2174 993 2247; x_wconf 83' lang='lat' dir='ltr'><strong>competunt,</strong></span> <span class='ocrx_word' id='word_1_154' title='bbox 1046 2175 1120 2225; x_wconf 90' lang='lat' dir='ltr'><strong>ut</strong></span> <span class='ocrx_word' id='word_1_155' title='bbox 1169 2163 1494 2228; x_wconf 83' lang='lat' dir='ltr'><strong>diadema</strong></span> <span class='ocrx_word' id='word_1_156' title='bbox 1543 2166 1783 2228; x_wconf 88' lang='lat' dir='ltr'><strong>datum</strong></span> <span class='ocrx_word' id='word_1_157' title='bbox 1816 2164 1911 2225; x_wconf 81' lang='lat' dir='ltr'><strong>A·</strong></span> <span class='ocrx_word' id='word_1_158' title='bbox 1984 2188 2069 2232; x_wconf 87' lang='lat' dir='ltr'><strong>ae</strong></span> <span class='ocrx_word' id='word_1_159' title='bbox 2098 2165 2334 2231; x_wconf 82' lang='lat' dir='ltr'><strong>favere</strong></span> <span class='ocrx_word' id='word_1_160' title='bbox 2370 2166 2640 2230; x_wconf 80' lang='lat' dir='ltr'><strong>videtur</strong></span> <span class='ocrx_word' id='word_1_161' title='bbox 2671 2167 2990 2231; x_wconf 79' lang='lat' dir='ltr'><strong>denarius</strong></span> <span class='ocrx_word' id='word_1_162' title='bbox 3021 2168 3386 2250; x_wconf 79' lang='lat' dir='ltr'><strong>Valeriae,</strong></span> <span class='ocrx_word' id='word_1_163' title='bbox 3434 2167 3511 2229; x_wconf 75' lang='lat' dir='ltr'><strong>in</strong></span> 
     </span>
     <span class='ocr_line' id='line_1_17' title="bbox 380 2257 3271 2348; baseline 0.002 -29"><span class='ocrx_word' id='word_1_164' title='bbox 380 2258 623 2342; x_wconf 87' lang='lat' dir='ltr'><strong>pollini</strong></span> <span class='ocrx_word' id='word_1_165' title='bbox 665 2277 794 2343; x_wconf 84' lang='lat' dir='ltr'><strong>pro</strong></span> <span class='ocrx_word' id='word_1_166' title='bbox 835 2257 1129 2320; x_wconf 86' lang='lat' dir='ltr'><strong>laurea</strong></span> <span class='ocrx_word' id='word_1_167' title='bbox 1107 2279 1179 2321; x_wconf 88' lang='lat' dir='ltr'><strong>m</strong></span> <span class='ocrx_word' id='word_1_168' title='bbox 1202 2259 1483 2322; x_wconf 88' lang='lat' dir='ltr'><strong>denario</strong></span> <span class='ocrx_word' id='word_1_169' title='bbox 1523 2259 1906 2344; x_wconf 87' lang='lat' dir='ltr'><strong>Coponiae.</strong></span> <span class='ocrx_word' id='word_1_170' title='bbox 1985 2284 2123 2348; x_wconf 84' lang='lat' dir='ltr'><strong>quo</strong></span> <span class='ocrx_word' id='word_1_171' title='bbox 2175 2264 2369 2327; x_wconf 82' lang='lat' dir='ltr'><strong>simili</strong></span> <span class='ocrx_word' id='word_1_172' title='bbox 2404 2263 2619 2348; x_wconf 86' lang='lat' dir='ltr'><strong>capiti</strong></span> <span class='ocrx_word' id='word_1_173' title='bbox 2655 2264 2964 2328; x_wconf 84' lang='lat' dir='ltr'><strong>imminet</strong></span> <span class='ocrx_word' id='word_1_174' title='bbox 3005 2261 3271 2330; x_wconf 83' lang='lat' dir='ltr'><strong>astrum.</strong></span> 
     </span>
     <span class='ocr_line' id='line_1_18' title="bbox 381 2346 3514 2443; baseline 0.002 -28"><span class='ocrx_word' id='word_1_175' title='bbox 381 2354 702 2415; x_wconf 85' lang='lat' dir='ltr'><strong>Romana</strong></span> <span class='ocrx_word' id='word_1_176' title='bbox 740 2349 1157 2436; x_wconf 82' lang='lat' dir='ltr'><strong>superstitio,</strong></span> <span class='ocrx_word' id='word_1_177' title='bbox 1210 2346 1367 2415; x_wconf 82' lang='lat' dir='ltr'><strong>cum</strong></span> <span class='ocrx_word' id='word_1_178' title='bbox 1424 2355 1756 2431; x_wconf 76' lang='lat' dir='ltr'><strong>virtuteS,</strong></span> <span class='ocrx_word' id='word_1_179' title='bbox 1841 2364 1917 2414; x_wconf 79' lang='lat' dir='ltr'><strong>et</strong></span> <span class='ocrx_word' id='word_1_180' title='bbox 2085 2360 2289 2441; x_wconf 73' lang='lat' dir='ltr'><strong>Caput</strong></span> <span class='ocrx_word' id='word_1_181' title='bbox 2307 2358 2582 2443; x_wconf 66' lang='lat' dir='ltr'><strong>juventu</strong></span> <span class='ocrx_word' id='word_1_182' title='bbox 2649 2360 2994 2425; x_wconf 76' lang='lat' dir='ltr'><strong>laureatum</strong></span> <span class='ocrx_word' id='word_1_183' title='bbox 3068 2360 3363 2427; x_wconf 65' lang='lat' dir='ltr'><strong>cincinnis</strong></span> <span class='ocrx_word' id='word_1_184' title='bbox 3422 2358 3514 2425; x_wconf 76' lang='lat' dir='ltr'><strong>ad</strong></span> 
     </span>
     <span class='ocr_line' id='line_1_19' title="bbox 382 2446 3511 2556; baseline 0 -45"><span class='ocrx_word' id='word_1_185' title='bbox 382 2448 561 2512; x_wconf 75' lang='lat' dir='ltr'><strong>vitia</strong></span> <span class='ocrx_word' id='word_1_186' title='bbox 609 2447 1071 2524; x_wconf 85' lang='lat' dir='ltr'><strong>consecravit,</strong></span> <span class='ocrx_word' id='word_1_187' title='bbox 1123 2447 1610 2531; x_wconf 87' lang='lat' dir='ltr'><strong>geniorumque</strong></span> <span class='ocrx_word' id='word_1_188' title='bbox 1653 2446 1905 2509; x_wconf 82' lang='lat' dir='ltr'><strong>&#39;exerci</strong></span> <span class='ocrx_word' id='word_1_189' title='bbox 1977 2454 2478 2537; x_wconf 68' lang='lat' dir='ltr'><strong>perpendiculum</strong></span> <span class='ocrx_word' id='word_1_190' title='bbox 2508 2452 2980 2556; x_wconf 52' lang='lat' dir='ltr'><strong>dependmtibng</strong></span> <span class='ocrx_word' id='word_1_191' title='bbox 2996 2455 3211 2521; x_wconf 65' lang='lat' dir='ltr'><strong>addito</strong></span> <span class='ocrx_word' id='word_1_192' title='bbox 3235 2455 3511 2538; x_wconf 64' lang='lat' dir='ltr'><strong>HOms,</strong></span> 
     </span>
     <span class='ocr_line' id='line_1_20' title="bbox 380 2540 2319 2627; baseline -0.002 -20"><span class='ocrx_word' id='word_1_193' title='bbox 380 2556 529 2613; x_wconf 73' lang='lat' dir='ltr'><strong>tum</strong></span> <span class='ocrx_word' id='word_1_194' title='bbox 566 2542 773 2621; x_wconf 85' lang='lat' dir='ltr'><strong>aluit,</strong></span> <span class='ocrx_word' id='word_1_195' title='bbox 824 2543 894 2605; x_wconf 89' lang='lat' dir='ltr'><strong>in</strong></span> <span class='ocrx_word' id='word_1_196' title='bbox 939 2540 1027 2604; x_wconf 89' lang='lat' dir='ltr'><strong>iis</strong></span> <span class='ocrx_word' id='word_1_197' title='bbox 1080 2541 1410 2627; x_wconf 78' lang='lat' dir='ltr'><strong>fingendis</strong></span> <span class='ocrx_word' id='word_1_198' title='bbox 1478 2562 1619 2606; x_wconf 88' lang='lat' dir='ltr'><strong>non</strong></span> <span class='ocrx_word' id='word_1_199' title='bbox 1696 2543 1906 2603; x_wconf 88' lang='lat' dir='ltr'><strong>modo</strong></span> <span class='ocrx_word' id='word_1_200' title='bbox 1982 2550 2054 2611; x_wconf 83' lang='lat' dir='ltr'><strong>in</strong></span> <span class='ocrx_word' id='word_1_201' title='bbox 2090 2546 2319 2610; x_wconf 75' lang='lat' dir='ltr'><strong>Fufia</strong></span> 
     </span>
    </p>

    <p class='ocr_par' dir='ltr' id='par_1_7' title="bbox 339 2636 3510 3404">
     <span class='ocr_line' id='line_1_21' title="bbox 378 2636 3508 2729; baseline 0.003 -25"><span class='ocrx_word' id='word_1_202' title='bbox 378 2641 578 2727; x_wconf 77' lang='lat' dir='ltr'><strong>vagis</strong></span> <span class='ocrx_word' id='word_1_203' title='bbox 619 2638 738 2709; x_wconf 80' lang='lat' dir='ltr'><strong>usa</strong></span> <span class='ocrx_word' id='word_1_204' title='bbox 771 2636 860 2702; x_wconf 82' lang='lat' dir='ltr'><strong>est</strong></span> <span class='ocrx_word' id='word_1_205' title='bbox 900 2636 1299 2719; x_wconf 68' lang='lat' dir='ltr'><strong>attributiS,</strong></span> <span class='ocrx_word' id='word_1_206' title='bbox 1377 2638 1490 2703; x_wconf 88' lang='lat' dir='ltr'><strong>sed</strong></span> <span class='ocrx_word' id='word_1_207' title='bbox 1556 2637 1765 2701; x_wconf 87' lang='lat' dir='ltr'><strong>etiam</strong></span> <span class='ocrx_word' id='word_1_208' title='bbox 1836 2639 1909 2700; x_wconf 80' lang='lat' dir='ltr'><strong>in</strong></span> <span class='ocrx_word' id='word_1_209' title='bbox 2084 2642 2289 2729; x_wconf 75' lang='lat' dir='ltr'><strong>Caput</strong></span> <span class='ocrx_word' id='word_1_210' title='bbox 2325 2643 2674 2710; x_wconf 74' lang='lat' dir='ltr'><strong>laureatum</strong></span> <span class='ocrx_word' id='word_1_211' title='bbox 2706 2638 3000 2709; x_wconf 61' lang='lat' dir='ltr'><strong>barbulus</strong></span> <span class='ocrx_word' id='word_1_212' title='bbox 3032 2649 3341 2712; x_wconf 72' lang='lat' dir='ltr'><strong>cincinnos</strong></span> <span class='ocrx_word' id='word_1_213' title='bbox 3364 2667 3508 2713; x_wconf 75' lang='lat' dir='ltr'><strong>con-</strong></span> 
     </span>
     <span class='ocr_line' id='line_1_22' title="bbox 377 2734 3506 2828; baseline 0.002 -27"><span class='ocrx_word' id='word_1_214' title='bbox 377 2735 671 2822; x_wconf 82' lang='lat' dir='ltr'><strong>hisipfis</strong></span> <span class='ocrx_word' id='word_1_215' title='bbox 704 2755 945 2821; x_wconf 89' lang='lat' dir='ltr'><strong>parum</strong></span> <span class='ocrx_word' id='word_1_216' title='bbox 1001 2736 1122 2800; x_wconf 82' lang='lat' dir='ltr'><strong>fibi</strong></span> <span class='ocrx_word' id='word_1_217' title='bbox 1170 2734 1479 2800; x_wconf 81' lang='lat' dir='ltr'><strong>constans</strong></span> <span class='ocrx_word' id='word_1_218' title='bbox 1533 2736 1689 2803; x_wconf 72' lang='lat' dir='ltr'><strong>fuit.</strong></span> <span class='ocrx_word' id='word_1_219' title='bbox 1790 2734 1905 2798; x_wconf 82' lang='lat' dir='ltr'><strong>Sic</strong></span> <span class='ocrx_word' id='word_1_220' title='bbox 1981 2749 2194 2817; x_wconf 73' lang='lat' dir='ltr'><strong>torta,</strong></span> <span class='ocrx_word' id='word_1_221' title='bbox 2246 2750 2307 2805; x_wconf 79' lang='lat' dir='ltr'><strong>et</strong></span> <span class='ocrx_word' id='word_1_222' title='bbox 2337 2740 2431 2824; x_wconf 45' lang='lat' dir='ltr'><strong>‚ad</strong></span> <span class='ocrx_word' id='word_1_223' title='bbox 2472 2741 2966 2826; x_wconf 72' lang='lat' dir='ltr'><strong>perpendiculum</strong></span> <span class='ocrx_word' id='word_1_224' title='bbox 3011 2743 3341 2828; x_wconf 76' lang='lat' dir='ltr'><strong>pendente,</strong></span> <span class='ocrx_word' id='word_1_225' title='bbox 3427 2746 3506 2808; x_wconf 79' lang='lat' dir='ltr'><strong>in</strong></span> 
     </span>
     <span class='ocr_line' id='line_1_23' title="bbox 379 2831 3506 2926; baseline 0.002 -29"><span class='ocrx_word' id='word_1_226' title='bbox 379 2845 591 2918; x_wconf 88' lang='lat' dir='ltr'><strong>caput</strong></span> <span class='ocrx_word' id='word_1_227' title='bbox 626 2832 1027 2911; x_wconf 67' lang='lat' dir='ltr'><strong>LibertatiS,</strong></span> <span class='ocrx_word' id='word_1_228' title='bbox 1053 2831 1486 2897; x_wconf 79' lang='lat' dir='ltr'><strong>Concordiae</strong></span> <span class='ocrx_word' id='word_1_229' title='bbox 1525 2845 1651 2896; x_wconf 87' lang='lat' dir='ltr'><strong>etc.</strong></span> <span class='ocrx_word' id='word_1_230' title='bbox 1686 2832 1907 2896; x_wconf 78' lang='lat' dir='ltr'><strong>variis</strong></span> <span class='ocrx_word' id='word_1_231' title='bbox 1984 2836 2322 2902; x_wconf 67' lang='lat' dir='ltr'><strong>Caecilia,</strong></span> <span class='ocrx_word' id='word_1_232' title='bbox 2415 2837 2790 2902; x_wconf 86' lang='lat' dir='ltr'><strong>Vaillantio</strong></span> <span class='ocrx_word' id='word_1_233' title='bbox 2844 2837 3144 2926; x_wconf 84' lang='lat' dir='ltr'><strong>Neptuni</strong></span> <span class='ocrx_word' id='word_1_234' title='bbox 3178 2841 3506 2920; x_wconf 71' lang='lat' dir='ltr'><strong>videtur-¹,</strong></span> 
     </span>
     <span class='ocr_line' id='line_1_24' title="bbox 375 2927 3500 3022; baseline 0.003 -29"><span class='ocrx_word' id='word_1_235' title='bbox 375 2930 691 2994; x_wconf 77' lang='lat' dir='ltr'><strong>videmus</strong></span> <span class='ocrx_word' id='word_1_236' title='bbox 767 2929 995 2991; x_wconf 82' lang='lat' dir='ltr'><strong>modis</strong></span> <span class='ocrx_word' id='word_1_237' title='bbox 1084 2927 1433 3008; x_wconf 83' lang='lat' dir='ltr'><strong>effictum,</strong></span> <span class='ocrx_word' id='word_1_238' title='bbox 1501 2941 1620 3016; x_wconf 79' lang='lat' dir='ltr'><strong>aut</strong></span> <span class='ocrx_word' id='word_1_239' title='bbox 1691 2930 1899 2992; x_wconf 80' lang='lat' dir='ltr'><strong>etiam</strong></span> <span class='ocrx_word' id='word_1_240' title='bbox 1978 2932 2466 3020; x_wconf 83' lang='lat' dir='ltr'><strong>Havercampo</strong></span> <span class='ocrx_word' id='word_1_241' title='bbox 2531 2934 2722 2998; x_wconf 82' lang='lat' dir='ltr'><strong>Iovis</strong></span> <span class='ocrx_word' id='word_1_242' title='bbox 2778 2934 3268 3012; x_wconf 73' lang='lat' dir='ltr'><strong>Terminali9‚-</strong></span> <span class='ocrx_word' id='word_1_243' title='bbox 3332 2938 3500 3022; x_wconf 76' lang='lat' dir='ltr'><strong>quia</strong></span> 
     </span>
     <span class='ocr_line' id='line_1_25' title="bbox 376 3024 3510 3114; baseline 0.004 -27"><span class='ocrx_word' id='word_1_244' title='bbox 376 3024 561 3090; x_wconf 88' lang='lat' dir='ltr'><strong>idem</strong></span> <span class='ocrx_word' id='word_1_245' title='bbox 599 3025 844 3109; x_wconf 80' lang='lat' dir='ltr'><strong>capitis</strong></span> <span class='ocrx_word' id='word_1_246' title='bbox 897 3029 1114 3090; x_wconf 87' lang='lat' dir='ltr'><strong>cultus</strong></span> <span class='ocrx_word' id='word_1_247' title='bbox 1139 3073 1160 3104; x_wconf 90' lang='lat'>‚</span> <span class='ocrx_word' id='word_1_248' title='bbox 1213 3027 1455 3088; x_wconf 87' lang='lat' dir='ltr'><strong>eadem</strong></span> <span class='ocrx_word' id='word_1_249' title='bbox 1492 3028 1629 3089; x_wconf 86' lang='lat' dir='ltr'><strong>oris</strong></span> <span class='ocrx_word' id='word_1_250' title='bbox 1674 3024 1894 3090; x_wconf 81' lang='lat' dir='ltr'><strong>linea-</strong></span> <span class='ocrx_word' id='word_1_251' title='bbox 1976 3030 2233 3093; x_wconf 86' lang='lat' dir='ltr'><strong>tridens</strong></span> <span class='ocrx_word' id='word_1_252' title='bbox 2276 3029 2460 3094; x_wconf 79' lang='lat' dir='ltr'><strong>abest</strong></span> <span class='ocrx_word' id='word_1_253' title='bbox 2488 3078 2510 3111; x_wconf 87' lang='lat'>,</span> <span class='ocrx_word' id='word_1_254' title='bbox 2563 3041 2630 3093; x_wconf 85' lang='lat' dir='ltr'><strong>et</strong></span> <span class='ocrx_word' id='word_1_255' title='bbox 2658 3031 2728 3094; x_wconf 83' lang='lat' dir='ltr'><strong>in</strong></span> <span class='ocrx_word' id='word_1_256' title='bbox 2761 3029 2913 3093; x_wconf 80' lang='lat' dir='ltr'><strong>aliis</strong></span> <span class='ocrx_word' id='word_1_257' title='bbox 2967 3030 3290 3096; x_wconf 78' lang='lat' dir='ltr'><strong>limilibue</strong></span> <span class='ocrx_word' id='word_1_258' title='bbox 3333 3035 3510 3114; x_wconf 79' lang='lat' dir='ltr'><strong>ejus·-</strong></span> 
     </span>
     <span class='ocr_line' id='line_1_26' title="bbox 372 3121 3499 3213; baseline 0.002 -28"><span class='ocrx_word' id='word_1_259' title='bbox 372 3133 607 3186; x_wconf 85' lang='lat' dir='ltr'><strong>menta</strong></span> <span class='ocrx_word' id='word_1_260' title='bbox 636 3121 943 3206; x_wconf 78' lang='lat' dir='ltr'><strong>pluribus</strong></span> <span class='ocrx_word' id='word_1_261' title='bbox 991 3125 1120 3187; x_wconf 88' lang='lat' dir='ltr'><strong>diis</strong></span> <span class='ocrx_word' id='word_1_262' title='bbox 1159 3123 1461 3206; x_wconf 79' lang='lat' dir='ltr'><strong>geniisve</strong></span> <span class='ocrx_word' id='word_1_263' title='bbox 1508 3122 1897 3186; x_wconf 83' lang='lat' dir='ltr'><strong>tribuuntur</strong></span> <span class='ocrx_word' id='word_1_264' title='bbox 1977 3126 2132 3189; x_wconf 84' lang='lat' dir='ltr'><strong>dem</strong></span> <span class='ocrx_word' id='word_1_265' title='bbox 2163 3129 2378 3212; x_wconf 87' lang='lat' dir='ltr'><strong>gentis</strong></span> <span class='ocrx_word' id='word_1_266' title='bbox 2432 3131 2628 3211; x_wconf 75' lang='lat' dir='ltr'><strong>juxta</strong></span> <span class='ocrx_word' id='word_1_267' title='bbox 2667 3124 2755 3190; x_wconf 86' lang='lat' dir='ltr'><strong>est</strong></span> <span class='ocrx_word' id='word_1_268' title='bbox 2790 3142 2998 3213; x_wconf 84' lang='lat' dir='ltr'><strong>eaput</strong></span> <span class='ocrx_word' id='word_1_269' title='bbox 3037 3129 3310 3213; x_wconf 87' lang='lat' dir='ltr'><strong>aquilae</strong></span> <span class='ocrx_word' id='word_1_270' title='bbox 3342 3147 3499 3193; x_wconf 81' lang='lat' dir='ltr'><strong>cum</strong></span> 
     </span>
     <span class='ocr_line' id='line_1_27' title="bbox 371 3217 3500 3312; baseline 0.003 -31"><span class='ocrx_word' id='word_1_271' title='bbox 371 3218 552 3282; x_wconf 75' lang='lat' dir='ltr'><strong>inter</strong></span> <span class='ocrx_word' id='word_1_272' title='bbox 588 3217 652 3279; x_wconf 88' lang='lat' dir='ltr'><strong>se</strong></span> <span class='ocrx_word' id='word_1_273' title='bbox 694 3219 993 3282; x_wconf 78' lang='lat' dir='ltr'><strong>maxime</strong></span> <span class='ocrx_word' id='word_1_274' title='bbox 1058 3219 1365 3282; x_wconf 73' lang='lat' dir='ltr'><strong>diveffiS..</strong></span> <span class='ocrx_word' id='word_1_275' title='bbox 1501 3218 1734 3300; x_wconf 80' lang='lat' dir='ltr'><strong>Quare</strong></span> <span class='ocrx_word' id='word_1_276' title='bbox 1779 3218 1895 3282; x_wconf 84' lang='lat' dir='ltr'><strong>nifi</strong></span> <span class='ocrx_word' id='word_1_277' title='bbox 1974 3221 2262 3307; x_wconf 79' lang='lat' dir='ltr'><strong>sceptro.</strong></span> <span class='ocrx_word' id='word_1_278' title='bbox 2362 3223 2439 3286; x_wconf 89' lang='lat' dir='ltr'><strong>In</strong></span> <span class='ocrx_word' id='word_1_279' title='bbox 2478 3223 2808 3286; x_wconf 84' lang='lat' dir='ltr'><strong>Memmia</strong></span> <span class='ocrx_word' id='word_1_280' title='bbox 2843 3239 3125 3312; x_wconf 87' lang='lat' dir='ltr'><strong>propter</strong></span> <span class='ocrx_word' id='word_1_281' title='bbox 3155 3224 3362 3290; x_wconf 82' lang='lat' dir='ltr'><strong>[imile</strong></span> <span class='ocrx_word' id='word_1_282' title='bbox 3384 3244 3500 3290; x_wconf 82' lang='lat' dir='ltr'><strong>ca·</strong></span> 
     </span>
     <span class='ocr_line' id='line_1_28' title="bbox 339 3312 2884 3404; baseline 0 -25"><span class='ocrx_word' id='word_1_283' title='bbox 339 3314 718 3400; x_wconf 65' lang='lat' dir='ltr'><strong>,adscripta</strong></span> <span class='ocrx_word' id='word_1_284' title='bbox 754 3312 899 3399; x_wconf 85' lang='lat' dir='ltr'><strong>ipsa</strong></span> <span class='ocrx_word' id='word_1_285' title='bbox 940 3314 1061 3379; x_wconf 82' lang='lat' dir='ltr'><strong>fint</strong></span> <span class='ocrx_word' id='word_1_286' title='bbox 1108 3316 1431 3390; x_wconf 89' lang='lat' dir='ltr'><strong>nomina,</strong></span> <span class='ocrx_word' id='word_1_287' title='bbox 1477 3317 1623 3398; x_wconf 86' lang='lat' dir='ltr'><strong>jure</strong></span> <span class='ocrx_word' id='word_1_288' title='bbox 1697 3316 1895 3401; x_wconf 88' lang='lat' dir='ltr'><strong>saepe</strong></span> <span class='ocrx_word' id='word_1_289' title='bbox 1978 3330 2101 3404; x_wconf 84' lang='lat' dir='ltr'><strong>put</strong></span> <span class='ocrx_word' id='word_1_290' title='bbox 2145 3318 2386 3404; x_wconf 77' lang='lat' dir='ltr'><strong>legitur</strong></span> <span class='ocrx_word' id='word_1_291' title='bbox 2424 3318 2884 3400; x_wconf 77' lang='lat' dir='ltr'><strong>QVIRINVS,</strong></span> 
     </span>
    </p>

    <p class='ocr_par' dir='ltr' id='par_1_8' title="bbox 365 3409 3508 4069">
     <span class='ocr_line' id='line_1_29' title="bbox 371 3409 3508 3502; baseline 0.003 -28"><span class='ocrx_word' id='word_1_292' title='bbox 371 3409 727 3474; x_wconf 78' lang='lat' dir='ltr'><strong>dubitabis</strong></span> <span class='ocrx_word' id='word_1_293' title='bbox 747 3457 767 3488; x_wconf 89' lang='lat'>,</span> <span class='ocrx_word' id='word_1_294' title='bbox 818 3430 906 3474; x_wconf 87' lang='lat' dir='ltr'><strong>an</strong></span> <span class='ocrx_word' id='word_1_295' title='bbox 938 3410 1320 3474; x_wconf 64' lang='lat' dir='ltr'><strong>laurearum</strong></span> <span class='ocrx_word' id='word_1_296' title='bbox 1354 3411 1657 3475; x_wconf 70' lang='lat' dir='ltr'><strong>mulieris</strong></span> <span class='ocrx_word' id='word_1_297' title='bbox 1688 3424 1907 3496; x_wconf 71' lang='lat' dir='ltr'><strong>caput.</strong></span> <span class='ocrx_word' id='word_1_298' title='bbox 2077 3414 2279 3499; x_wconf 75' lang='lat' dir='ltr'><strong>Caput</strong></span> <span class='ocrx_word' id='word_1_299' title='bbox 2316 3415 2732 3479; x_wconf 78' lang='lat' dir='ltr'><strong>diadematum</strong></span> <span class='ocrx_word' id='word_1_300' title='bbox 2780 3411 2984 3480; x_wconf 80' lang='lat' dir='ltr'><strong>barba</strong></span> <span class='ocrx_word' id='word_1_301' title='bbox 3004 3462 3023 3495; x_wconf 89' lang='lat'>,</span> <span class='ocrx_word' id='word_1_302' title='bbox 3074 3428 3134 3481; x_wconf 80' lang='lat' dir='ltr'><strong>et</strong></span> <span class='ocrx_word' id='word_1_303' title='bbox 3160 3419 3391 3502; x_wconf 75' lang='lat' dir='ltr'><strong>capillis</strong></span> <span class='ocrx_word' id='word_1_304' title='bbox 3432 3421 3508 3485; x_wconf 71' lang='lat' dir='ltr'><strong>in</strong></span> 
     </span>
     <span class='ocr_line' id='line_1_30' title="bbox 371 3502 3505 3597; baseline 0.004 -29"><span class='ocrx_word' id='word_1_305' title='bbox 371 3505 623 3568; x_wconf 80' lang='lat' dir='ltr'><strong>Salutis</strong></span> <span class='ocrx_word' id='word_1_306' title='bbox 652 3502 766 3581; x_wconf 82' lang='lat' dir='ltr'><strong>fit,</strong></span> <span class='ocrx_word' id='word_1_307' title='bbox 836 3524 925 3568; x_wconf 83' lang='lat' dir='ltr'><strong>an</strong></span> <span class='ocrx_word' id='word_1_308' title='bbox 951 3507 1199 3582; x_wconf 83' lang='lat' dir='ltr'><strong>Fidei,</strong></span> <span class='ocrx_word' id='word_1_309' title='bbox 1269 3525 1358 3568; x_wconf 87' lang='lat' dir='ltr'><strong>an</strong></span> <span class='ocrx_word' id='word_1_310' title='bbox 1439 3504 1901 3574; x_wconf 75' lang='lat' dir='ltr'><strong>Concordiae.</strong></span> <span class='ocrx_word' id='word_1_311' title='bbox 1975 3512 2284 3574; x_wconf 73' lang='lat' dir='ltr'><strong>cincinnos</strong></span> <span class='ocrx_word' id='word_1_312' title='bbox 2338 3511 2642 3574; x_wconf 72' lang='lat' dir='ltr'><strong>contortis</strong></span> <span class='ocrx_word' id='word_1_313' title='bbox 2676 3555 2695 3585; x_wconf 93' lang='lat'>‚</span> <span class='ocrx_word' id='word_1_314' title='bbox 2776 3518 2836 3572; x_wconf 77' lang='lat' dir='ltr'><strong>et</strong></span> <span class='ocrx_word' id='word_1_315' title='bbox 2878 3511 2965 3580; x_wconf 82' lang='lat' dir='ltr'><strong>ad</strong></span> <span class='ocrx_word' id='word_1_316' title='bbox 3002 3513 3505 3597; x_wconf 69' lang='lat' dir='ltr'><strong>perpendiculum</strong></span> 
     </span>
     <span class='ocr_line' id='line_1_31' title="bbox 370 3598 3500 3689; baseline 0.003 -27"><span class='ocrx_word' id='word_1_317' title='bbox 370 3599 568 3681; x_wconf 86' lang='lat' dir='ltr'><strong>Quae</strong></span> <span class='ocrx_word' id='word_1_318' title='bbox 611 3598 719 3661; x_wconf 85' lang='lat' dir='ltr'><strong>hic</strong></span> <span class='ocrx_word' id='word_1_319' title='bbox 773 3618 1323 3678; x_wconf 74' lang='lat' dir='ltr'><strong>commemorare</strong></span> <span class='ocrx_word' id='word_1_320' title='bbox 1378 3618 1659 3684; x_wconf 83' lang='lat' dir='ltr'><strong>operae-</strong></span> <span class='ocrx_word' id='word_1_321' title='bbox 1690 3602 1895 3684; x_wconf 86' lang='lat' dir='ltr'><strong>preti-</strong></span> <span class='ocrx_word' id='word_1_322' title='bbox 1967 3605 2422 3689; x_wconf 79' lang='lat' dir='ltr'><strong>pendentibus,</strong></span> <span class='ocrx_word' id='word_1_323' title='bbox 2469 3604 2541 3667; x_wconf 89' lang='lat' dir='ltr'><strong>in</strong></span> <span class='ocrx_word' id='word_1_324' title='bbox 2607 3604 2955 3669; x_wconf 83' lang='lat' dir='ltr'><strong>Terentia.</strong></span> <span class='ocrx_word' id='word_1_325' title='bbox 3067 3608 3226 3669; x_wconf 80' lang='lat' dir='ltr'><strong>Alii·</strong></span> <span class='ocrx_word' id='word_1_326' title='bbox 3265 3607 3500 3689; x_wconf 89' lang='lat' dir='ltr'><strong>Quiri-</strong></span> 
     </span>
     <span class='ocr_line' id='line_1_32' title="bbox 368 3693 3496 3776; baseline 0.002 -18"><span class='ocrx_word' id='word_1_327' title='bbox 368 3715 483 3758; x_wconf 78' lang='lat' dir='ltr'><strong>nm</strong></span> <span class='ocrx_word' id='word_1_328' title='bbox 532 3693 787 3774; x_wconf 84' lang='lat' dir='ltr'><strong>virum,</strong></span> <span class='ocrx_word' id='word_1_329' title='bbox 834 3713 924 3758; x_wconf 87' lang='lat' dir='ltr'><strong>ne</strong></span> <span class='ocrx_word' id='word_1_330' title='bbox 948 3696 1019 3758; x_wconf 89' lang='lat' dir='ltr'><strong>in</strong></span> <span class='ocrx_word' id='word_1_331' title='bbox 1054 3695 1454 3759; x_wconf 79' lang='lat' dir='ltr'><strong>definiendis</strong></span> <span class='ocrx_word' id='word_1_332' title='bbox 1480 3695 1753 3758; x_wconf 74' lang='lat' dir='ltr'><strong>incertia</strong></span> <span class='ocrx_word' id='word_1_333' title='bbox 1783 3695 1899 3758; x_wconf 71' lang='lat' dir='ltr'><strong>his</strong></span> <span class='ocrx_word' id='word_1_334' title='bbox 1966 3717 2160 3776; x_wconf 75' lang='lat' dir='ltr'><strong>num,</strong></span> <span class='ocrx_word' id='word_1_335' title='bbox 2208 3700 2327 3763; x_wconf 88' lang='lat' dir='ltr'><strong>alii</strong></span> <span class='ocrx_word' id='word_1_336' title='bbox 2365 3701 2604 3763; x_wconf 86' lang='lat' dir='ltr'><strong>Iovem</strong></span> <span class='ocrx_word' id='word_1_337' title='bbox 2644 3698 3103 3763; x_wconf 88' lang='lat' dir='ltr'><strong>Terminalem</strong></span> <span class='ocrx_word' id='word_1_338' title='bbox 3140 3701 3391 3765; x_wconf 86' lang='lat' dir='ltr'><strong>dicunt.</strong></span> <span class='ocrx_word' id='word_1_339' title='bbox 3491 3705 3496 3716; x_wconf 86' lang='lat'>&#39;</span> 
     </span>
     <span class='ocr_line' id='line_1_33' title="bbox 367 3788 3505 3882; baseline 0.003 -27"><span class='ocrx_word' id='word_1_340' title='bbox 367 3789 740 3878; x_wconf 50' lang='lat' dir='ltr'><strong>capitibus),</strong></span> <span class='ocrx_word' id='word_1_341' title='bbox 790 3792 979 3875; x_wconf 87' lang='lat' dir='ltr'><strong>quod</strong></span> <span class='ocrx_word' id='word_1_342' title='bbox 1011 3791 1291 3878; x_wconf 87' lang='lat' dir='ltr'><strong>operose</strong></span> <span class='ocrx_word' id='word_1_343' title='bbox 1328 3804 1397 3856; x_wconf 88' lang='lat' dir='ltr'><strong>et</strong></span> <span class='ocrx_word' id='word_1_344' title='bbox 1426 3790 1755 3855; x_wconf 86' lang='lat' dir='ltr'><strong>inutiliter</strong></span> <span class='ocrx_word' id='word_1_345' title='bbox 1790 3788 1890 3854; x_wconf 74' lang='lat' dir='ltr'><strong>fe-</strong></span> <span class='ocrx_word' id='word_1_346' title='bbox 2067 3793 2272 3880; x_wconf 62' lang='grc' dir='ltr'><strong>θαμά</strong></span> <span class='ocrx_word' id='word_1_347' title='bbox 2290 3795 2564 3882; x_wconf 74' lang='lat' dir='ltr'><strong>juvenile</strong></span> <span class='ocrx_word' id='word_1_348' title='bbox 2614 3793 3034 3863; x_wconf 63' lang='lat' dir='ltr'><strong>ainamma</strong></span> <span class='ocrx_word' id='word_1_349' title='bbox 3086 3797 3366 3877; x_wconf 68' lang='lat' dir='ltr'><strong>alatam,</strong></span> <span class='ocrx_word' id='word_1_350' title='bbox 3428 3799 3505 3864; x_wconf 80' lang='lat' dir='ltr'><strong>in</strong></span> 
     </span>
     <span class='ocr_line' id='line_1_34' title="bbox 365 3886 3496 3978; baseline 0.003 -26"><span class='ocrx_word' id='word_1_351' title='bbox 365 3907 519 3952; x_wconf 87' lang='lat' dir='ltr'><strong>eere</strong></span> <span class='ocrx_word' id='word_1_352' title='bbox 557 3886 721 3965; x_wconf 87' lang='lat' dir='ltr'><strong>alii,</strong></span> <span class='ocrx_word' id='word_1_353' title='bbox 774 3907 1059 3974; x_wconf 85' lang='lat' dir='ltr'><strong>operam</strong></span> <span class='ocrx_word' id='word_1_354' title='bbox 1115 3891 1511 3975; x_wconf 72' lang='lat' dir='ltr'><strong>perdamus,</strong></span> <span class='ocrx_word' id='word_1_355' title='bbox 1631 3888 1886 3971; x_wconf 78' lang='lat' dir='ltr'><strong>Quam·</strong></span> <span class='ocrx_word' id='word_1_356' title='bbox 1969 3888 2370 3977; x_wconf 68' lang='lat' dir='ltr'><strong>Calpurnia.</strong></span> <span class='ocrx_word' id='word_1_357' title='bbox 2465 3893 2986 3978; x_wconf 78' lang='lat' dir='ltr'><strong>Havercampus</strong></span> <span class='ocrx_word' id='word_1_358' title='bbox 3034 3894 3147 3959; x_wconf 84' lang='lat' dir='ltr'><strong>dei</strong></span> <span class='ocrx_word' id='word_1_359' title='bbox 3184 3894 3496 3962; x_wconf 74' lang='lat' dir='ltr'><strong>Termini</strong></span> 
     </span>
     <span class='ocr_line' id='line_1_35' title="bbox 367 3983 3000 4069; baseline 0.003 -22"><span class='ocrx_word' id='word_1_360' title='bbox 367 3984 604 4047; x_wconf 90' lang='lat' dir='ltr'><strong>obrem</strong></span> <span class='ocrx_word' id='word_1_361' title='bbox 640 3997 908 4069; x_wconf 88' lang='lat' dir='ltr'><strong>gratam</strong></span> <span class='ocrx_word' id='word_1_362' title='bbox 949 4006 1057 4048; x_wconf 88' lang='lat' dir='ltr'><strong>me</strong></span> <span class='ocrx_word' id='word_1_363' title='bbox 1094 3986 1323 4052; x_wconf 82' lang='lat' dir='ltr'><strong>multis</strong></span> <span class='ocrx_word' id='word_1_364' title='bbox 1357 4006 1500 4049; x_wconf 87' lang='lat' dir='ltr'><strong>rem</strong></span> <span class='ocrx_word' id='word_1_365' title='bbox 1541 3983 1891 4049; x_wconf 78' lang='lat' dir='ltr'><strong>facturum</strong></span> <span class='ocrx_word' id='word_1_366' title='bbox 1970 3989 2136 4054; x_wconf 82' lang='lat' dir='ltr'><strong>dicit</strong></span> <span class='ocrx_word' id='word_1_367' title='bbox 2172 3987 2364 4052; x_wconf 86' lang='lat' dir='ltr'><strong>nulla</strong></span> <span class='ocrx_word' id='word_1_368' title='bbox 2392 4003 2581 4056; x_wconf 85' lang='lat' dir='ltr'><strong>eerta</strong></span> <span class='ocrx_word' id='word_1_369' title='bbox 2614 3992 2905 4057; x_wconf 80' lang='lat' dir='ltr'><strong>ratione.</strong></span> <span class='ocrx_word' id='word_1_370' title='bbox 2997 4013 3000 4016; x_wconf 44' lang='lat'>¹</span> 
     </span>
    </p>

    <p class='ocr_par' dir='ltr' id='par_1_9' title="bbox 365 4077 3498 4378">
     <span class='ocr_line' id='line_1_36' title="bbox 365 4077 3498 4176; baseline 0.004 -32"><span class='ocrx_word' id='word_1_371' title='bbox 365 4079 666 4158; x_wconf 84' lang='lat' dir='ltr'><strong>confido,</strong></span> <span class='ocrx_word' id='word_1_372' title='bbox 718 4079 761 4144; x_wconf 82' lang='lat' dir='ltr'><strong>[i</strong></span> <span class='ocrx_word' id='word_1_373' title='bbox 784 4077 1176 4168; x_wconf 77' lang='lat' dir='ltr'><strong>catalogum</strong></span> <span class='ocrx_word' id='word_1_374' title='bbox 1209 4080 1623 4168; x_wconf 85' lang='lat' dir='ltr'><strong>proposuero</strong></span> <span class='ocrx_word' id='word_1_375' title='bbox 1646 4101 1887 4146; x_wconf 85' lang='lat' dir='ltr'><strong>eorum</strong></span> <span class='ocrx_word' id='word_1_376' title='bbox 1980 4129 1991 4140; x_wconf 70' lang='lat'><strong>·</strong></span> <span class='ocrx_word' id='word_1_377' title='bbox 2064 4085 2272 4171; x_wconf 72' lang='lat' dir='ltr'><strong>Caput</strong></span> <span class='ocrx_word' id='word_1_378' title='bbox 2282 4086 2557 4173; x_wconf 73' lang='lat' dir='ltr'><strong>juvenile</strong></span> <span class='ocrx_word' id='word_1_379' title='bbox 2593 4087 2946 4155; x_wconf 70' lang='lat' dir='ltr'><strong>laureatum</strong></span> <span class='ocrx_word' id='word_1_380' title='bbox 2993 4086 3232 4156; x_wconf 70' lang='lat' dir='ltr'><strong>alaeam</strong></span> <span class='ocrx_word' id='word_1_381' title='bbox 3261 4136 3281 4169; x_wconf 91' lang='lat'>,</span> <span class='ocrx_word' id='word_1_382' title='bbox 3325 4106 3498 4176; x_wconf 72' lang='lat' dir='ltr'><strong>pont</strong></span> 
     </span>
     <span class='ocr_line' id='line_1_37' title="bbox 366 4178 3487 4270; baseline 0.004 -31"><span class='ocrx_word' id='word_1_383' title='bbox 366 4178 668 4262; x_wconf 72' lang='lat' dir='ltr'><strong>capitum</strong></span> <span class='ocrx_word' id='word_1_384' title='bbox 690 4224 712 4257; x_wconf 88' lang='lat'>,</span> <span class='ocrx_word' id='word_1_385' title='bbox 760 4198 937 4264; x_wconf 89' lang='lat' dir='ltr'><strong>quae</strong></span> <span class='ocrx_word' id='word_1_386' title='bbox 972 4178 1275 4264; x_wconf 86' lang='lat' dir='ltr'><strong>spectato</strong></span> <span class='ocrx_word' id='word_1_387' title='bbox 1314 4178 1497 4244; x_wconf 86' lang='lat' dir='ltr'><strong>cultu</strong></span> <span class='ocrx_word' id='word_1_388' title='bbox 1535 4180 1625 4243; x_wconf 92' lang='lat' dir='ltr'><strong>ad</strong></span> <span class='ocrx_word' id='word_1_389' title='bbox 1655 4179 1891 4265; x_wconf 71' lang='lat' dir='ltr'><strong>plures</strong></span> <span class='ocrx_word' id='word_1_390' title='bbox 1961 4180 2227 4262; x_wconf 60' lang='lat' dir='ltr'><strong>tridens,</strong></span> <span class='ocrx_word' id='word_1_391' title='bbox 2250 4183 2324 4246; x_wconf 85' lang='lat' dir='ltr'><strong>in</strong></span> <span class='ocrx_word' id='word_1_392' title='bbox 2354 4184 2530 4250; x_wconf 89' lang='lat' dir='ltr'><strong>Iulia</strong></span> <span class='ocrx_word' id='word_1_393' title='bbox 2550 4184 2968 4270; x_wconf 66' lang='lat' dir='ltr'><strong>qufionum.</strong></span> <span class='ocrx_word' id='word_1_394' title='bbox 3066 4187 3487 4252; x_wconf 79' lang='lat' dir='ltr'><strong>Havercam·</strong></span> 
     </span>
     <span class='ocr_line' id='line_1_38' title="bbox 366 4273 3498 4378; baseline 0.004 -42"><span class='ocrx_word' id='word_1_395' title='bbox 366 4273 635 4360; x_wconf 78' lang='lat' dir='ltr'><strong>poss‘unt</strong></span> <span class='ocrx_word' id='word_1_396' title='bbox 689 4274 865 4339; x_wconf 74' lang='lat' dir='ltr'><strong>deos</strong></span> <span class='ocrx_word' id='word_1_397' title='bbox 920 4273 1163 4342; x_wconf 84' lang='lat' dir='ltr'><strong>referri</strong></span> <span class='ocrx_word' id='word_1_398' title='bbox 1241 4288 1363 4342; x_wconf 88' lang='lat' dir='ltr'><strong>aut</strong></span> <span class='ocrx_word' id='word_1_399' title='bbox 1430 4276 1663 4363; x_wconf 81' lang='lat' dir='ltr'><strong>genios</strong></span> <span class='ocrx_word' id='word_1_400' title='bbox 1689 4324 1708 4355; x_wconf 91' lang='lat'>,</span> <span class='ocrx_word' id='word_1_401' title='bbox 1762 4289 1885 4343; x_wconf 88' lang='lat' dir='ltr'><strong>aut</strong></span> <span class='ocrx_word' id='word_1_402' title='bbox 1960 4298 2089 4366; x_wconf 75' lang='lat' dir='ltr'><strong>pue</strong></span> <span class='ocrx_word' id='word_1_403' title='bbox 2123 4279 2576 4368; x_wconf 76' lang='lat' dir='ltr'><strong>Triumphum</strong></span> <span class='ocrx_word' id='word_1_404' title='bbox 2611 4281 2778 4347; x_wconf 83' lang='lat' dir='ltr'><strong>dicit</strong></span> <span class='ocrx_word' id='word_1_405' title='bbox 2805 4325 2830 4359; x_wconf 80' lang='lat'><strong>,</strong></span> <span class='ocrx_word' id='word_1_406' title='bbox 2873 4279 3143 4348; x_wconf 82' lang='lat' dir='ltr'><strong>Vrsinus</strong></span> <span class='ocrx_word' id='word_1_407' title='bbox 3184 4293 3252 4347; x_wconf 86' lang='lat' dir='ltr'><strong>et</strong></span> <span class='ocrx_word' id='word_1_408' title='bbox 3298 4283 3498 4378; x_wconf 56' lang='lat' dir='ltr'><strong>van*</strong></span> 
     </span>
    </p>
   </div>
   <div class='ocr_carea' id='block_1_3' title="bbox 359 4461 3482 4501">
    <p class='ocr_par' dir='ltr' id='par_1_10' title="bbox 359 4461 3482 4501">
     <span class='ocr_line' id='line_1_39' title="bbox 359 4461 3482 4501; baseline 0 949"><span class='ocrx_word' id='word_1_409' title='bbox 359 4461 3482 4501; x_wconf 95' lang='lat' dir='ltr'><strong> </strong></span> 
     </span>
    </p>
   </div>
   <div class='ocr_carea' id='block_1_4' title="bbox 432 4519 3112 4746">
    <p class='ocr_par' dir='ltr' id='par_1_11' title="bbox 432 4519 3112 4746">
     <span class='ocr_line' id='line_1_40' title="bbox 432 4519 1297 4609; baseline -0.001 -5"><span class='ocrx_word' id='word_1_410' title='bbox 432 4535 493 4604; x_wconf 66' lang='lat' dir='ltr'><strong>a),</strong></span> <span class='ocrx_word' id='word_1_411' title='bbox 523 4519 659 4609; x_wconf 51' lang='lat' dir='ltr'><strong>pig*</strong></span> <span class='ocrx_word' id='word_1_412' title='bbox 687 4537 789 4602; x_wconf 71' lang='lat'><strong>46-</strong></span> <span class='ocrx_word' id='word_1_413' title='bbox 1290 4581 1297 4588; x_wconf 91' lang='lat'>-</span> 
     </span>
     <span class='ocr_line' id='line_1_41' title="bbox 463 4652 3112 4746; baseline 0.002 -24"><span class='ocrx_word' id='word_1_414' title='bbox 463 4652 651 4734; x_wconf 70' lang='grc' dir='ltr'><strong>(ναι.</strong></span> <span class='ocrx_word' id='word_1_415' title='bbox 706 4654 831 4746; x_wconf 73' lang='grc' dir='ltr'><strong>ν.)</strong></span> <span class='ocrx_word' id='word_1_416' title='bbox 1812 4713 1825 4720; x_wconf 80' lang='grc'>.</span> <span class='ocrx_word' id='word_1_417' title='bbox 2656 4664 2660 4668; x_wconf 94' lang='grc'><em>·</em></span> <span class='ocrx_word' id='word_1_418' title='bbox 3041 4664 3112 4728; x_wconf 76' lang='grc' dir='ltr'><strong>ι,</strong></span> 
     </span>
    </p>
   </div>
  </div>
 </body>
</html>
