4175 5450
1085 591 1257 671 AD
1357 585 1835 673 Nvmos
1934 585 2857 710 FAMILIARVM.

398 785 628 860 lentis.
730 791 866 857 Sed
907 795 1193 859 reticent
1230 793 1424 874 istud,
1477 795 1600 876 ait,
1653 793 1930 883 scripto·

400 906 511 950 res
541 903 829 954 vetereS.
930 892 1026 954 At
1060 912 1147 956 ex
1171 896 1358 978 cujus
1378 892 1516 979 ipse
1552 891 1931 958 testimonio

397 983 781 1066 intellexit,
835 988 1286 1074 imperatores
1342 990 1478 1055 his·
1526 983 1747 1055 numis
1788 1010 1928 1056 non

400 1100 648 1146 numos
716 1082 1096 1164 restitutos,
1145 1083 1260 1152 sed
1333 1085 1636 1151 restituta
1680 1107 1929 1152 monu-

403 1190 636 1254 menta
675 1181 964 1269 intelligi
1000 1184 1332 1249 voluiss'e?
1383 1184 1591 1268 Quod
1644 1206 1770 1273 ego
1811 1186 1931 1249 do·

401 1292 570 1353 ceo,
612 1279 1022 1366 usurpamus
1093 1284 1353 1358 oculis,
1426 1292 1496 1345 et
1562 1283 1931 1369 palpamus

401 1372 719 1442 manibus
747 1424 769 1456 ,
819 1376 962 1463 ipse
1002 1377 1272 1443 causam
1305 1378 1493 1442 suam
1531 1381 1830 1465 auguriis
1864 1398 1927 1443 e·

397 1470 504 1551 jus
543 1475 810 1555 generis
840 1485 1111 1551 tuetur,
1164 1476 1400 1559 qualia
1441 1474 1561 1538 fibi
1630 1495 1770 1540 non
1840 1475 1931 1539 ab

385 1566 726 1666 'Apolline
762 1570 886 1634 illo
918 1571 1198 1655 Pythio,
1245 1571 1376 1637 fed'
1403 1572 1728 1660 Apolline
1756 1574 1932 1637 Tor·

411 1672 562 1723 tore
592 1708 614 1741 ‚
667 1683 870 1749 quem
946 1667 1398 1734 observavere
1447 1687 1719 1754 quoque
1795 1671 1931 1734 Ro-

407 1759 636 1837 mani,
688 1760 754 1845 ⁸)
803 1782 962 1826 reor
1014 1763 1207 1830 fuisse
1258 1763 1546 1830 dictata}
1691 1759 1932 1851 Neque

397 1863 681 1935 tamen,
757 1858 1374 1943 quod-existimat,
1446 1873 1660 1947 usque
1753 1864 1933 1927 adeo

303 1959 307 1964 ’
398 1947 677 2017 invidos
727 1953 1084 2020 habemus
1119 1971 1445 2044 veteres,
1496 1971 1572 2022 ut
1614 1979 1754 2025 non
1812 1959 1934 2023 ali·

317 2121 324 2128 κ
403 2065 614 2132 quam
668 2047 907 2114 saltem
965 2051 1264 2117 luculam
1338 2055 1540 2120 nobis
1629 2057 1933 2143 indulge·

406 2155 546 2208 ant.
696 2146 1129 2241 xiphilinus,
1200 2148 1558 2237 postquam
1617 2155 1702 2218 de
1754 2155 1933 2218 Tra-

399 2243 568 2324 jano
647 2261 737 2306 ex
807 2245 1038 2307 Dione
1121 2249 1448 2310 narrass‘et
1499 2294 1519 2326 ,
1613 2238 1674 2327 l’)
1778 2265 1933 2312 eum

405 2337 810 2422 Pomptinas
865 2339 1155 2451 paiudes
1217 2340 1518 2406 filicibus
1600 2342 1932 2420 stravisse,

406 2445 788 2522 pontesque
820 2435 891 2497 in
945 2436 1029 2498 iis
1075 2435 1776 2522 magnificentissimos
1832 2437 1931 2500 fe·

403 2530 605 2608 cisse,
659 2530 912 2595 addit:
951 2551 1022 2596 το
1059 2553 1123 2597 τε
1150 2549 1416 2617 νομισμα
1445 2553 1563 2599 παν
1615 2555 1685 2600 το
1739 2536 1929 2615 ἐξιτη-

406 2630 517 2693 λον
549 2627 926 2712 ἐξεχωνευσε
947 2681 967 2714 ,
1020 2639 1081 2694 et
1123 2647 1357 2695 omnm
1380 2632 1702 2718 pez-uniam
1726 2634 1935 2697 evani-

331 2780 334 2781 ἢ
406 2723 558 2792 dam
599 2729 1009 2814 attritamque
1049 2728 1338 2819 conflaffe.
1442 2730 1685 2794 Liceat
1722 2743 1788 2794 et
1810 2731 1934 2793 mi-

407 2822 482 2887 hi
523 2824 651 2888 01Υο
702 2827 966 2910 auguri.
1073 2826 1293 2909 Quem
1337 2838 1542 2891 antea
1569 2826 1939 2914 magnifica

313 2996 326 3003 ι
411 2919 696 2984 statuiss'e
735 2934 952 3005 opera
983 2922 1306 3009 perhibet
1331 2924 1742 3011 xiphilinus,
1775 2943 1934 2988 eum

413 3018 710 3100 denique
780 3017 991 3082 refert
1053 3022 1415 3106 pecuniam
1469 3024 1682 3109 longo
1751 3039 1934 3085 aevo

409 3112 722 3197 exesam,
774 3127 844 3178 et
875 3116 1184 3180 inutilem
1221 3115 1535 3182 conflasse
1563 3166 1581 3197 ‚
1655 3119 1937 3205 perinde

412 3208 598 3297 quali
640 3209 811 3275 istud
837 3230 976 3277 non
1012 3213 1106 3279 ab
1153 3215 1471 3279 omnibus
1517 3208 1723 3291 ‘omni
1767 3220 1935 3279 tem'-

411 3329 582 3396 pore
628 3305 893 3375 factum
941 3310 1099 3375 ess'et
1127 3359 1147 3390 ,
1202 3322 1292 3374 et'
1327 3313 1937 3377 commemorando

412 3407 579 3470 trito
617 3402 753 3468 hoc
799 3404 1031 3487 facto,
1100 3407 1288 3492 quod
1361 3422 1448 3469 ne
1523 3409 1941 3472 mentionem

415 3499 695 3584 quidem
723 3502 1151 3583 merebatur,
1204 3501 1469 3585 aliquid
1531 3502 1750 3588 poss'et
1795 3501 1941 3585 glo-

414 3597 563 3660 riae
604 3595 910 3677 Trajano
976 3599 1305 3663 accedere
1332 3644 1356 3676 ,
1427 3597 1545 3680 qui
1607 3595 1944 3680 amplissi-

415 3692 546 3757 mis
584 3690 786 3755 rebus
832 3692 1011 3759 bello
1053 3716 1137 3760 ac
1200 3708 1384 3780 pace·
1426 3682 1620 3780 gestis
1666 3692 1942 3755 immor-

413 3785 720 3877 talefifibi
759 3802 1008 3855 nomen
1050 3793 1338 3880 peperit.
1435 3788 1815 3859 Verisimile
1845 3787 1942 3853 sa-

414 3906 502 3951 ne
518 3938 541 3971 ,
591 3905 637 3951 a
678 3886 938 3952 Dione·
970 3887 1320 3976 postremis
1369 3888 1477 3952 his
1531 3887 1760 3954 verbis
1820 3885 1943 3950 ali-

416 3985 581 4069 quid
616 3986 965 4071 amplius,
1019 3987 1433 4073 dignumque
1485 3984 1771 4069 Trajani
1840 3985 1940 4049 in·

416 4082 618 4169 genio
669 4080 864 4148 fuiss‘e
915 4084 1275 4162 additum,
1325 4095 1393 4148 et
1443 4082 1718 4168 quidem
1771 4080 1941 4145 illud

419 4178 682 4266 ipsum,
734 4181 924 4265 quod
970 4201 1044 4245 re
1098 4181 1362 4246 factum
1418 4180 1771 4257 videmus,
1864 4199 1944 4244 ex

419 4292 607 4360 eaque
633 4284 868 4343 veteres
890 4278 1055 4364 reip.
1087 4299 1310 4345 numos
1342 4272 1689 4368 rfiitmffit,
1767 4295 1944 4360 quae

403 4372 747 4455 quidem,
800 4388 922 4438 aut
959 4376 1068 4438 his
1100 4375 1339 4438 fimilia
1385 4373 1601 4439 verba
1653 4372 1941 4458 Xiphili·

419 4485 545 4530 nus
580 4468 651 4534 in
697 4468 1045 4536 breviario
1101 4472 1219 4536 suo
1262 4471 1584 4544 omiserit,
1713 4469 1950 4534 Enim-

489 4677 546 4743 a)
586 4674 734 4730 Suet.
771 4680 830 4731 ἰι
863 4679 1007 4751 Aug.
1046 4697 1092 4735 c.
1127 4694 1219 4749 70,

1410 4679 1469 4749 b)
1506 4682 1574 4738 1,.
1610 4682 1884 4748 mmm,
1925 4686 1955 4761 ς
2000 4699 2081 4754 ⁵·

3412 611 3555 688 ¹⁶9

2015 811 2187 859 vero
2233 791 2524 876 Traiani
2568 797 2794 855 aetate
2856 807 3033 876 quae
3098 793 3326 878 potuit
3418 796 3545 862 effe

2017 891 2352 968 evanida,
2405 901 2474 954 et
2508 889 2748 953 attrita
2794 889 3125 974 pecunia,
3180 889 3297 954 nili
3346 908 3543 959 vetus

2014 989 2140 1053 illa
2179 987 2587 1064 consularis,
2670 1004 2878 1069 quam
2925 983 3329 1053 restituendo
3383 1007 3545 1056 con·

2016 1085 2219 1149 suluit
2265 1083 2686 1148 reverentiae
2744 1082 2994 1145 veteris
3051 1084 3473 1172 reipublicae
3517 1136 3542 1167 ,

2015 1182 2301 1268 perinde
2350 1193 2554 1265 atque
2604 1179 2987 1243 Antoninus
3058 1181 3259 1261 Pius,
3339 1203 3545 1270 quem

2016 1291 2256 1343 vetera
2292 1276 2623 1342 nascentis
2669 1275 2944 1363 imperii
2984 1278 3239 1341 decora
3290 1280 3360 1342 111
3420 1300 3538 1346 nu-

2015 1376 2150 1440 mis
2212 1372 2559 1439 -restituill'e
2635 1373 3044 1456 videbimus.
3183 1375 3546 1458 Diximus,

2018 1483 2427 1559 argenteos,
2480 1481 2663 1556 quos*
2713 1469 3087 1552 habemus,
3159 1471 3417 1536 nonnisi
3496 1494 3544 1538 a

2016 1570 2325 1651 TraJano
2358 1566 2719 1647 restitutos,
2772 1587 2859 1632 ex
2891 1588 3034 1655 flua
3067 1569 3216 1657 lege
3244 1569 3548 1634 eximens

2017 1666 2088 1730 di
2121 1668 2258 1730 duo
2292 1664 2608 1753 postremi
2632 1712 2651 1743 ‚
2707 1684 2995 1749 quorum
3023 1667 3213 1752 prior
3246 1661 3542 1731 Hadria-

2017 1763 2088 1827 ni
2128 1759 2410 1826 restituit
2463 1763 2865 1825 memoriam
2916 1765 3133 1849 patris
3194 1764 3480 1845 Trajani
3520 1811 3546 1843 ,

2021 1862 2209 1942 cujus
2248 1858 2675 1943 archetypon
2721 1877 2859 1921 non
2899 1858 3154 1936 exstat,
3206 1860 3381 1923 alter
3438 1880 3545 1923 re-

2021 1951 2281 2019 stitutus
2318 1976 2364 2019 a
2429 1951 2529 2017 M.
2574 1954 2889 2018 Aurelio
2903 1966 2971 2019 et
3000 1958 3235 2035 Vero,
3286 1957 3355 2018 in
3409 1976 3549 2043 quo

2016 2064 2251 2116 tamen
2286 2051 2596 2116 nonnihil
2621 2069 2664 2115 a
2698 2052 2923 2137 primo
2955 2052 3274 2139 exemplo
3313 2047 3546 2116 disces-

2014 2137 2197 2225 sum3
2249 2168 2409 2213 nam
2445 2167 2570 2233 pro
2610 2147 2823 2212 ANT.
2865 2147 3077 2215 AVG.
3105 2148 3368 2236 plenius
3393 2148 3547 2213 scri-

2011 2247 2198 2312 bitur
2230 2243 2731 2309 ANTONIVS.
2758 2244 3098 2312 AVGVR.
3203 2241 3401 2330 Quae
3437 2244 3548 2309 fu·

2015 2345 2146 2405 erit
2198 2340 2482 2405 Aurelio
2509 2342 2707 2424 hujus
2745 2339 3129 2407 restituendi
3164 2343 3352 2407 numi
3387 2363 3545 2408 cau-

2023 2437 2132 2515 sa,
2185 2448 2254 2498 et
2288 2437 2562 2518 quidem
2628 2449 2892 2499 tantum
2971 2439 3321 2504 LEGae‘om‘s
3373 2440 3490 2506 VI.
3521 2487 3546 2519 ,

2019 2534 2443 2619 ignoramus.
2502 2530 2680 2595 „Cur
2749 2532 3003 2594 nullum
3068 2536 3489 2598 consularem
3524 2582 3554 2615 ,

2020 2629 2138 2693 vel
2174 2625 2485 2692 familiae
2542 2628 2618 2716 111,
2656 2647 2828 2691 auro
2895 2625 3252 2694 restituerit
3302 2633 3551 2716 Traja-

2021 2747 2195 2811 nus,·
2236 2725 2563 2811 expedita
2601 2726 2803 2790 ratio.
2904 2723 3212 2791 Restituit
3281 2730 3342 2791 is
3428 2748 3555 2793 nu-

2023 2843 2214 2902 mos,
2268 2820 2504 2908 quales
2550 2822 2639 2887 ab
2689 2823 2949 2910 origine
2995 2821 3235 2903 fuere,
3305 2824 3559 2890 habita.

2025 2940 2187 3008 ergo
2228 2921 2435 2983 etiam
2472 2919 2733 2984 metalli
2768 2922 3059 2987 ratione.
3157 2923 3253 2985 At
3314 2938 3554 2995 mone-

2021 3033 2169 3083 tam
2203 3036 2485 3081 auream
2522 3016 2788 3079 Romae
2838 3015 3093 3081 nonnisi
3143 3018 3303 3082 inde
3383 3037 3427 3083 a
3488 3018 3547 3082 Ι.

2028 3114 2319 3195 Caesare
2353 3112 2546 3177 feriri
2582 3125 2939 3200 coeptam,
2995 3115 3160 3179 alibi
3219 3115 3553 3202 probabi-

2024 3215 2090 3277 le
2130 3212 2299 3277 dixi.
2346 3206 2414 3294 e)
2516 3208 2723 3291 Quod
2764 3211 2850 3274 de
2884 3210 3219 3276 restitutis
3258 3215 3347 3277 ad
3405 3231 3550 3276 om-

2022 3328 2179 3374 nem
2216 3307 2575 3395 archetypi
2614 3307 2951 3372 rationem
2988 3312 3324 3394 argenteis
3375 3306 3549 3387 dixi,

2022 3405 2309 3490 intelligi
2343 3406 2549 3468 etiam
2588 3403 2789 3466 debet
2821 3404 2904 3467 de
2921 3405 3389 3491 compluribus
3429 3426 3551 3471 ae-

2022 3502 2215 3577 neis,
2266 3502 2633 3587 praecipue
2676 3497 2990 3586 Augusti,
3044 3513 3112 3564 et
3152 3498 3565 3588 Agrippae,

2023 3611 2100 3661 ut
2131 3597 2335 3659 docet
2369 3596 2748 3680 catalogus.

2123 3692 2210 3755 11.
2264 3693 2498 3770 Numi,
2530 3694 2597 3754 in
2636 3690 2880 3777 quibus
2916 3682 3345 3753 restituuntur
3373 3692 3543 3757 ima-

2022 3788 2209 3875 gines
2249 3788 2632 3876 principum
2658 3834 2678 3866 ,
2732 3789 2822 3852 ad
2856 3787 3031 3850 hanc
3081 3779 3348 3851 c'last'em
3397 3809 3549 3874 per-

2021 3886 2240 3950 tinent
2276 3885 2669 3971 cumprimis
2703 3886 2934 3963 aenei,
2985 3884 3056 3947 in
3113 3905 3419 3970 quorum,
3469 3907 3548 3949 a·

2019 3983 2217 4048 versa
2265 3994 2536 4071 praeter
2569 3982 2641 4057 S.
2684 3981 2762 4048 C.
2802 3981 2985 4046 aliud
3013 3982 3179 4046 nihil
3210 3981 3499 4046 habetur
3521 4005 3545 4058 ς

2022 4101 2112 4146 ex
2158 4102 2294 4167 quo
2335 4080 2521 4144 aliud
2558 4081 2929 4168 intelligere
2979 4101 3113 4144 non
3157 4081 3543 4166 poss’umuS,

2022 4199 2231 4263 quam
2264 4178 2583 4273 placuisse
2612 4176 2819 4257 Tito,
2870 4178 3325 4258 Domitiano,
3376 4177 3544 4242 Ner-

2019 4297 2193 4357 vae,
2246 4296 2333 4340 ex
2376 4292 2777 4360 quacunque
2809 4275 3085 4341 demum
3122 4277 3541 4355 081118,οο-

2021 4394 2171 4438 rum
2208 4373 2540 4459 imagines
2580 4392 2933 4437 revocare.

2121 4470 2245 4536 111.
2298 4470 2406 4533 Ad
2447 4470 2625 4533 hanc
2660 4469 2973 4591 classem,
3024 4472 3094 4534 in
3140 4489 3278 4556 qua
3308 4468 3421 4534 vel
3439 4480 3546 4553 ty

2286 4683 2337 4751 c)
2373 4681 2517 4742 Seet.
2555 4683 2606 4744 1.
2641 4698 2771 4755 cap.
2802 4681 2907 4736 IV.
