4175 5450
747 639 847 724 ὅδ’

653 836 659 841 ’
742 850 946 913 num,
1018 827 1134 915 qui
1224 823 1426 891 aliter
1513 817 1836 886 desinunt.

1930 800 1940 811 ⁸
2021 820 2115 884 At
2179 819 2276 885 in·

1726 610 2762 697 PROLEGOMENA

2360 837 2492 903 que
2521 816 2681 881 hinc
2714 811 3048 892 historici,
3099 823 3175 879 ut
3207 825 3519 903 receptus
3548 816 3624 881 in
3645 818 3757 885 his
3787 822 3867 888 il.

746 931 1131 997 dubitatum
1200 921 1344 987 fere
1422 916 1547 996 est,
1616 936 1754 982 non
1830 913 2021 980 fuiss'e
2101 916 2277 981 haec
2354 915 2527 981 lisve
2567 911 2836 979 ferebat
2885 932 3077 991 mos,
3157 912 3299 979 sola
3347 916 3555 979 etiam
3596 929 3894 985 tantum‘

747 1029 1032 1096 nomina
1070 1018 1456 1111 gentilicia,
1508 1015 1619 1078 sed
1660 1015 2107 1100 cognomina,
2158 1012 2275 1078 vel

670 1176 675 1183 .
724 1118 1150 1215 ⁸agnomina,
1200 1115 1500 1202 ignorari
1533 1123 1760 1177 autem
1794 1108 2263 1194 nominaipsa‚

612 1264 621 1269 -
747 1224 915 1310 quia
948 1215 1209 1304 placuit
1241 1210 1571 1277 Romanis
1595 1257 1615 1287 ,
1691 1208 1866 1295 alios
1905 1227 1993 1270 ex
2030 1207 2249 1271 nomi-

746 1332 833 1387 ne
872 1316 1088 1403 gentis
1113 1360 1137 1397 ‚
1189 1310 1365 1379 alios
1408 1327 1495 1371 ex
1542 1306 1950 1392 cognomine
1994 1315 2261 1367 tantum

750 1410 1186 1501 compellare.
1289 1405 1399 1471 Sic
1434 1401 1675 1469 Cicero
1708 1404 1779 1467 in
1807 1399 2262 1479 orationibus,

750 1509 1053 1597 alibique
1086 1497 1344 1591 semper
1374 1501 1541 1565 dicit
1570 1501 1835 1589 Caesar,
1915 1516 2262 1583 nunquam

654 1675 658 1680 ,
748 1610 1001 1684 Iulius,
1065 1614 1304 1667 contra
1354 1598 1617 1685 semper
1654 1598 2032 1685 Pompeius,
2099 1614 2263 1657 nun-

750 1725 959 1794 quam
990 1697 1256 1768 Strabo.
1357 1694 1539 1779 Quin
1597 1692 1785 1760 fuere
1828 1695 2076 1769 etiam,
2149 1692 2263 1776 qui

744 1802 933 1870 dese
954 1800 1216 1883 semper
1234 1792 1469 1858 omiss'o
1488 1793 1707 1878 gentis
1740 1792 2011 1854 nomine
2052 1787 2268 1852 locuti

618 1934 629 1949 ,
755 1901 915 1965 sum.
1015 1894 1382 1976 Nunquam
1416 1891 1725 1976 Agrippa
1757 1887 1819 1950 se
1858 1884 2067 1964 dixit,
2113 1885 2269 1948 scri-

753 1997 966 2091 pfitve
1004 1990 1392 2081 Viffanium,
1441 1985 1554 2051 ted
1586 1988 1689 2054 Μ.
1708 1985 2078 2074 Agrippam
2093 2032 2130 2069 „
2169 1994 2269 2045 at·

2355 1012 2761 1100 cognomina
2795 1010 3186 1098 prodidere.
3289 1007 3519 1094 Quare
3567 1033 3719 1077 cum
3766 1018 3866 1082 le-

2350 1110 2570 1195 gimus
2623 1122 2873 1174 nomen
2907 1107 3229 1201 'hominis
3269 1107 3564 1172 Romani
3622 1111 3867 1200 aliter,

2346 1225 2556 1289 quam
2598 1204 2668 1270 in
2703 1205 2845 1271 IVS
2889 1202 3231 1282 desinens,
3309 1224 3688 1291 cognomen
3738 1211 3871 1276 erit

2347 1303 2753 1390 putandum,
2806 1316 2874 1368 et
2911 1299 3030 1365 nisi
3069 1302 3158 1364 de
3191 1302 3406 1388 gentis
3436 1307 3707 1370 nomine
3739 1306 3872 1371 ali-

2347 1400 2567 1465 orsum
2611 1397 2900 1479 constet,
2954 1409 3209 1462 certum
3245 1409 3650 1479 teneamusr
3712 1423 3871 1488 gen.

2346 1498 2634 1563 tilicium
2679 1499 2895 1563 moris
2933 1495 3113 1558 soliti
3153 1515 3402 1559 nomen
3438 1516 3578 1562 non
3625 1498 3872 1564 defuis-

2347 1594 2411 1658 se
2484 1598 2807 1679 quidem,
2896 1593 3009 1656 sed
3064 1592 3387 1677 ignorari.
3506 1594 3643 1660 Sed
3694 1597 3872 1664 haec

2351 1710 2624 1776 quoque
2676 1692 2798 1755 lex
2857 1690 2953 1756 ad
3015 1686 3321 1753 florentis
3384 1702 3648 1756 tantum
3697 1697 3871 1782 reip.

2350 1801 2671 1875 tempora
2722 1782 2980 1871 valet,
3039 1805 3217 1873 quae
3274 1786 3578 1874 sequiore
3641 1804 3876 1857 aetate

2352 1887 2682 1957 variavit.

2166 2376 2211 2458 ς
2304 2374 2430 2443 111.

1777 2566 1877 2639 De
1935 2571 2298 2659 cognomine
2321 2619 2345 2656 ,
2413 2578 2475 2636 et
2520 2569 2871 2657 agnomine.

863 2870 959 2935 Vt
1014 2861 1318 2929 familias
1375 2855 1730 2923 distinxere
1787 2859 2279 2942 praenomina,

766 2963 854 3031 fic
917 2973 1148 3048 gentes
1210 2957 1643 3043 cognomina.
1760 2955 2038 3019 Necesse
2114 2975 2280 3021 vero

769 3058 940 3137 fuit,
1009 3055 1189 3120 natis
1235 3051 1450 3117 cuivis
1516 3052 1698 3138 genti
1762 3070 1883 3138 per
1941 3051 2283 3116 connubia

769 3153 1079 3246 prolibus
1125 3149 1414 3214 totidem
1466 3149 1674 3210 etiam
1727 3144 1958 3233 stirpes
2011 3149 2282 3228 enasci,

773 3272 964 3339 quas
999 3251 1245 3314 iterum
1294 3243 1527 3328 aliquo
1584 3243 1859 3307 nomine
1918 3243 2287 3330 oportebat

771 3350 865 3416 ad
886 3345 1238 3412 vitandam
1268 3337 1725 3408 confusionem
1758 3338 2059 3406 discerni.
2111 3341 2286 3407 Nar·

772 3456 884 3511 rat
924 3443 1160 3508 Livius
1186 3487 1206 3518 ,
1259 3436 1323 3523 ⁸)
1375 3456 1556 3501 anno
1590 3439 1675 3501 V.
1720 3434 1798 3501 C.
1841 3447 1978 3515 442
2019 3438 2091 3502 in
2147 3459 2285 3504 una

776 3554 971 3630 gente
1019 3537 1281 3603 Potitia
1332 3531 1524 3598 fuiss‘e
1583 3529 1884 3598 familias
1929 3534 2086 3610 ΧΠ,
2116 3580 2138 3613 ,
2212 3537 2283 3599 in

772 3640 993 3722 iisque
1033 3631 1325 3720 puberes
1376 3631 1470 3696 ad
1526 3629 1738 3699 XXX.
1818 3628 2285 3697 -Ducebantur

771 3753 943 3802 vero
990 3728 1399 3816 cognomina
1448 3747 1535 3793 ex
1587 3726 1797 3792 caulis
1845 3728 2057 3791 variis
2131 3748 2286 3795 cum

775 3826 1105 3908 honest-is,
1154 3835 1298 3888 tum
1331 3825 1641 3910 turpibus
1666 3871 1686 3903 ,
1746 3836 1821 3890 ut
1851 3824 2283 3912 asapientiaz

780 3922 1221 4015 Sempronius
1274 3919 1571 4008 Sophus,
1650 3920 1925 3986 Laelius
1978 3923 2288 4010 Sapiens,

783 4036 908 4091 aut
936 4045 978 4089 e
1005 4019 1387 4089 contrario:
1442 4019 1950 4088 luniusBrutus.
2047 4022 2113 4082 A
2149 4037 2292 4082 mo.

785 4121 1026 4186 ribus:
1120 4117 1539 4201 Tarquinius
1592 4114 1955 4202 Superbus,
2034 4115 2295 4181 Fabius

780 4219 1084 4312 Gurges,
1131 4211 1444 4280 Aufidius
1480 4213 1710 4281 Lurco.
1780 4212 1890 4278 Ab
1930 4221 2114 4276 arte:
2163 4211 2296 4277 Fa-

864 4725 923 4791 ι)
957 4726 1024 4778 1..
1055 4724 1159 4779 IX.
1193 4741 1240 4778 e.
1274 4740 1360 4794 29.
1528 4722 1590 4791 b)
1628 4724 1799 4782 Tom.
1831 4721 1907 4776 11.
1936 4740 1998 4795 p.
2029 4740 2121 4795 59.

2360 2858 2517 2923 bius
2575 2856 2822 2929 Pictor.
2941 2861 3006 2922 A
3073 2858 3288 2928 studio
3368 2865 3468 2929 rei
3536 2859 3879 2936 rusticae:

2365 2952 2721 3019 Cornelius
2779 2955 3078 3023 Lanatus
3106 3006 3127 3035 ,
3226 2957 3632 3049 Calpurnius
3695 2964 3897 3054 Piso,

2364 3049 2636 3115 Tullius
2672 3049 2929 3130 Cicero,
2995 3053 3297 3122 Licinius
3350 3059 3559 3126 Stolo.
3660 3062 3722 3123 A
3775 3080 3896 3125 ca·

2363 3157 2490 3232 pta
2532 3147 2845 3235 regione,
2917 3151 3030 3213 vel
3062 3151 3267 3218 urbe.-
3334 3154 3660 3220 Servilius
3700 3146 3906 3245 Isau·

2365 3245 2576 3324 ricus,
2627 3245 2932 3311 Marcius
2953 3244 3358 3325 Coriolanus..
3443 3251 3706 3316 Omitto
3729 3271 3898 3317 cau·

2362 3338 2469 3405 sas
2491 3341 2707 3428 alias,
2759 3362 2931 3429 quas
2963 3342 3206 3409 videsis
3240 3348 3310 3412 in
3339 3348 3599 3437 Sigonii
3631 3359 3897 3414 tracta-

2362 3449 2441 3501 tu
2501 3438 2728 3527 capite
2803 3433 2990 3518 111.,'
3057 3453 3202 3507 tum
3266 3446 3638 3532 praecipue
3705 3447 3904 3532 apud

2366 3533 2879 3624 spanhemium.
2914 3525 2983 3618 l’)

2464 3634 2852 3720 Agnomina
2910 3644 3182 3718 reperta
3248 3655 3400 3702 cum
3467 3636 3558 3703 ob
3618 3637 3904 3705 causam

2369 3727 2691 3805 similem,
2774 3739 2845 3791 ut
2883 3750 2927 3794 a
2966 3726 3250 3794 familiis
3313 3732 3625 3799 familiae
3679 3732 3913 3800 distin-

2369 3834 2768 3912 guerentur,
2817 3835 2963 3889 tum
3004 3826 3212 3889 etiam
3263 3830 3450 3896 nulla
3496 3830 3912 3898 necessitate

2371 3920 2694 3998 honoris,
2747 3935 2865 3986 aut
2899 3924 3144 3987 ludicri
3194 3945 3357 4015 ergo
3408 3927 3709 4006 collata,
3779 3943 3912 3996 ut:

2376 4015 2783 4103 Calpurnius
2835 4020 2985 4084 Piso
3029 4023 3279 4108 Frugi,
3347 4023 3704 4091 Cornelius
3757 4024 3917 4091 Sci-

2373 4114 2493 4202 pio
2534 4108 2930 4200 Afrt‘canus,
2985 4114 3341 4187 Cornelius
3361 4122 3684 4189 Lentulus
3707 4121 3920 4209 Spin-

2378 4209 2516 4278 ther
2539 4259 2560 4292 ‚
2612 4210 2951 4308 Caecilius
2992 4215 3313 4283 Metellus
3350 4222 3532 4288 Pius.
