4175 5450
693 573 790 651 46
1871 555 2318 638 cAPVT
2412 556 2563 637 VI.

702 786 749 831 a
787 760 1118 829 drachma
1139 781 1292 828 cum
1326 758 1576 828 semisse
1614 782 1829 848 usque
1864 763 1952 828 ad
1971 763 2213 829 drach-

702 882 891 926 mam
926 860 1157 924 senlim
1224 860 1630 934 decrescunt.
1745 861 1825 925 In
1890 862 2209 947 catalogo

701 960 769 1022 d’
790 959 1061 1043 Ennery
1092 977 1251 1043 pag.
1316 977 1447 1043 137
1510 959 1758 1022 citatur
1821 956 2046 1021 similis
2091 977 2211 1021 au-

700 1075 856 1118 reus
896 1053 1190 1137 quinarii
1251 1051 1527 1134 forma,
1607 1053 1720 1118 sed
1780 1042 1912 1118 fine
1967 1054 2209 1118 addito

697 1151 996 1216 ROMA.

798 1246 1142 1322 Savotus‚
1197 1256 1263 1309 et
1306 1242 1452 1334 post
1494 1267 1648 1310 eum
1706 1246 1863 1326 alii,
1944 1264 2099 1312 cum
2172 1266 2219 1309 a

698 1340 1046 1410 veteribus
1089 1344 1311 1424 majus
1370 1342 1680 1407 viderent
1742 1344 2004 1429 argenti
2065 1363 2216 1430 pre-

702 1440 875 1502 tium
912 1436 1216 1523 respectu
1278 1439 1454 1502 aeris
1526 1439 1873 1526 proditum
1902 1486 1926 1517 ,
1954 1444 1979 1527 J
2010 1459 2219 1523 quam

700 1533 823 1598 fibi
854 1532 994 1597 ullo
1030 1545 1235 1620 pacto
1269 1534 1628 1599 verisimile
1680 1536 2062 1614 videretur,
2132 1536 2221 1600 de

562 1636 568 1643 ’
701 1649 839 1716 quo
891 1630 1147 1715 egimus
1192 1648 1346 1717 cap.
1387 1632 1541 1712 11.§
1582 1651 1661 1711 2,
1713 1629 2020 1718 suspicati
2053 1632 2219 1709 sunt,

624 1766 630 1781 ·
700 1722 1177 1790 vetustissimos
1249 1728 1568 1791 denarios
1640 1725 1832 1790 fuisse
1892 1728 2217 1814 ponderis

699 1822 1024 1887 auctioris
1053 1870 1075 1902 ,
1144 1820 1432 1905 cumque
1483 1822 1611 1887 hos
1631 1832 1661 1902 ,'
1730 1843 1902 1908 quos
1980 1844 2218 1889 coram

634 1976 641 1984 .
696 1916 1004 2002 descripsi
1029 1965 1049 1998 ,
1103 1919 1433 1982 excedere
1492 1919 1797 2005 pondere
1858 1920 2172 1986 viderent
2195 1965 2218 2001 ,

698 2033 818 2078 eos
854 2012 1110 2078 referre
1144 2017 1214 2079 in
1271 2015 1416 2100 ipsa
1480 2028 1798 2080 monetae
1852 2028 2218 2102 argenteae

694 2109 1112 2177 incunabula
1155 2130 1292 2175 non
1312 2107 1737 2176 dubitavere.
1754 2118 1759 2125 '
1840 2111 1934 2175 lis
1973 2112 2219 2175 deinde

694 2207 1038 2271 sociarunt
1066 2206 1254 2271 alios
1289 2218 1646 2292 argenteos
1716 2208 2017 2287 ejusdem
2070 2205 2218 2275 fere

692 2303 1035 2390 ponderis
1054 2302 1409 2387 inscriptos
1444 2302 1894 2386 ROMANO,
1936 2305 2031 2367 de
2067 2304 2219 2386 qui-

694 2398 825 2463 bus
870 2397 1075 2463 infra.
1173 2401 1266 2461 At
1315 2411 1796 2485 praeterquam
1829 2400 2015 2484 quod
2043 2401 2215 2480 judi-

692 2496 874 2559 cium
914 2492 1083 2558 istud
1123 2514 1260 2558 una
1291 2498 1682 2579 conjectura
1708 2496 1966 2580 nititur,
2019 2514 2213 2581 aper·

686 2603 757 2655 te
805 2603 1138 2676 repugnat
1169 2588 1480 2669 fabrica,
1536 2611 1738 2674 quae,
1777 2610 1931 2656 cum
1975 2592 2045 2654 in
2089 2610 2210 2655 nu·

684 2688 816 2752 mis
886 2686 1347 2752 consularibus
1375 2735 1397 2765 ‚
1469 2708 1642 2772 quos
1704 2687 2212 2772 antiquissimos

682 2787 1006 2851 novimus
1033 2832 1056 2863 ,
1108 2783 1411 2869 spectata
1456 2785 1796 2870 elegantia
1843 2785 2210 2848 mediocri-

681 2892 899 2944 tatem
941 2880 1065 2945 vix
1115 2879 1562 2962 adsequatur,
1641 2882 1711 2943 in
1749 2879 1853 2942 his
1894 2877 1985 2941 est
2031 2878 2211 2941 sum-

686 2989 844 3040 mae
875 3022 896 3053 ‚
978 2986 1046 3037 et
1099 2994 1261 3037 vere
1319 2972 1626 3039 Graecae
1681 2976 1873 3040 attis.
2012 2975 2210 3039 Vnde

682 3069 1040 3136 verisimile
1082 3069 1395 3154 videtur,
1451 3068 1741 3158 lignatos
1790 3071 1863 3134 in
1901 3066 2208 3157 Campa-

652 3168 842 3245 =nia,
900 3177 1020 3234 ant
1050 3164 1193 3230 alia
1228 3162 1561 3230 Graeciae
1602 3168 1702 3235 M.
1735 3168 1944 3254 plaga
1966 3213 1987 3245 ,
2036 3186 2205 3252 pon-

683 3264 847 3326 dere
881 3263 974 3326 ad
1010 3262 1345 3325 rationem
1376 3274 1692 3327 monetae
1729 3262 1884 3326 suae
1930 3281 2206 3330 accom-

682 3359 968 3427 modato
993 3405 1017 3441 ,
1063 3377 1283 3449 neque
1317 3359 1496 3425 adeo
1539 3361 1837 3456 mirum,
1903 3359 2031 3430 ess'c
2098 3380 2206 3440 ra-¹

2291 759 2502 825 tionis
2536 755 2840 824 diversae
2880 775 2938 823 a.
2960 760 3299 825 Romana.
3415 755 3822 828 Restitutum

2296 877 2343 920 a
2387 858 2693 939 Trajano
2735 856 2981 921 mirum
3019 874 3156 921 non
3214 855 3567 939 videatur,
3653 878 3819 923 nam

2295 953 2593 1017 numi‘hi
2633 952 2746 1016 etfi
2799 952 3184 1039 peregrini,
3263 965 3495 1017 tamen
3550 955 3822 1019 Romae

2293 1049 2565 1113 fuerunt
2603 1048 2839 1127 obvii,
2891 1062 2961 1114 et
3001 1046 3154 1114 c'um
3184 1050 3254 1112 in
3310 1050 3395 1114 iis
3445 1051 3826 1137 expressum

2296 1148 2566 1210 Romae
2601 1166 2853 1212 nomen
2888 1145 3262 1231 legeretur,
3313 1158 3634 1231 potetant
3676 1145 3824 1211 mo·

2298 1254 2502 1306 netae
2538 1242 2619 1309 R.
2671 1242 3032 1306 accenseri.
3176 1241 3318 1304 Sed
3372 1243 3465 1304 d'e
3524 1240 3826 1306 restituto

2298 1336 2607 1423 lingulati
2659 1337 2792 1403 hoc
2839 1356 3047 1403 numo
3118 1337 3279 1402 vide
3350 1336 3664 1452 Sectione
3726 1338 3819 1402 11.

2300 1453 2454 1520 cap.
2492 1433 2706 1503 XVII

2400 1628 2606 1717 Caput
2646 1628 2897 1695 Martis
2938 1625 3258 1711 galeatum
3306 1647 3442 1695 cum
3481 1630 3667 1718 tenui
3717 1628 3825 1695 la-

2296 1729 2551 1811 nugine.
2602 1731 2659 1799 x
2710 1723 3004 1791 ROMA.
3058 1724 3261 1809 Caput
3289 1727 3425 1811 equi
3446 1723 3773 1810 frenatum
3793 1771 3820 1805 ,

2290 1844 2454 1909 pone
2501 1819 2727 1906 harpa.
2782 1819 2929 1883 AR.
2966 1820 3055 1882 11.
3103 1820 3228 1883 111.
3270 1821 3477 1906 (Mus.
3527 1819 3755 1905 Caes.)

2398 1919 2601 2002 Caput
2646 1918 2896 1982 Martis
2929 1916 3253 2000 galeatum
3290 1936 3425 1982 cum
3484 1921 3653 1982 tenui
3719 1916 3823 1982 la-

2297 2033 2563 2101 nugam,
2606 2032 2770 2098 pone
2803 2010 3002 2077 clava.
3102 2016 3160 2086 x
3207 2011 3499 2080 ROMA.
3594 2015 3820 2100 Equus

2298 2130 2598 2187 currens,
2629 2110 2900 2198 superne
2966 2108 3176 2174 clava.
3220 2109 3369 2229 AR.
3437 2108 3530 2177 11.
3597 2107 3811 2195 (Mus.

2303 2204 2490 2273 Caes.

2399 2198 2710 2389 Cagut
2631 2300 2945 2390 Apollinis
2979 2302 3349 2369 mereatum.
3414 2308 3471 2377 ξε
3518 2300 3820 2367 ROMA.

2297 2400 2519 2488 Equus
2549 2418 2831 2467 curren-r.
2881 2401 3031 2466 AR.
3077 2399 3167 2462 11.
3213 2398 3416 2485 (Mus.
3454 2395 3685 2477 Caes.)

2396 2497 2606 2560 Numi
2647 2496 2720 2560 hi
2755 2496 2980 2560 similis
3019 2495 3167 2558 sunt
3205 2515 3356 2559 cum
3405 2494 3820 2580 praecede&

2293 2591 2476 2656 tibus
2519 2593 2882 2678 ponderis,
2933 2591 3160 2655 fimilis
3206 2590 3604 2676 elegantiae.
3655 2592 3819 2654 Per-

2295 2708 2532 2774 peram
2573 2708 2735 2776 ergo
2767 2690 2858 2754 ad
2899 2685 3251 2752 officinam
3296 2689 3683 2751 Romanam
3705 2706 3816 2751 re-

2294 2797 2654 2849 vocantur.
2752 2786 2863 2848 Ad
2919 2785 3092 2849 haec
3164 2796 3371 2869 caput
3444 2784 3639 2867 equi,
3693 2795 3818 2848 aut

2294 2900 2506 2964 equus
2544 2880 2716 2944 liber
2769 2899 3039 2945 currens
3104 2882 3254 2966 typi
3306 2881 3451 2946 sunt
3514 2900 3561 2943 a
3624 2895 3815 2947 certa

2290 2983 2574 3042 moneta
2611 2977 2696 3055 R.
2737 2976 3011 3064 prorsus
3088 2989 3430 3056 extorres,
3482 2990 3557 3041 at
3611 2977 3810 3044 obvii

2287 3074 2362 3137 in
2398 3074 2618 3139 numia
2645 3120 2666 3151 ‚
2721 3076 2836 3159 qui
2877 3074 3227 3138 Panormo
3284 3071 3555 3138 Siciliae
3600 3074 3813 3140 tribui

2286 3170 2540 3248 solent,
2594 3189 2903 3256 quosque
2934 3170 3002 3234 in
3035 3169 3233 3254 huju's
3268 3191 3443 3258 gaza
3477 3170 3810 3258 descripfi.

2288 3266 2556 3331 Similes
2609 3269 2819 3330 etiam
2851 3278 3058 3352 typos
3108 3266 3402 3333 offerunt
3450 3268 3640 3334 numi
3693 3289 3813 3336 ae-

2245 3387 2253 3396 ·
2286 3363 2397 3431 nei
2419 3411 2442 3445 ,
2493 3380 2667 3455 quos
2703 3364 3028 3432 continuo
3063 3364 3397 3434 recitabo.

2028 3933 2031 3938 ⁴
2130 3857 2167 3933 ς
2212 3850 2337 3918 111.
2445 3855 2454 3866 ·

1436 4037 1643 4107 numa·
1678 4042 2008 4128 peregrim·
2053 4041 2367 4112 ΑΕΝΕῙ
2406 4041 2687 4132 infirma
2723 4021 3024 4115 Rom.

772 4323 976 4415 Caput
1040 4325 1288 4396 Marus
1336 4326 1677 4414 guttatam.
1776 4336 1834 4405 ae
1883 4291 2183 4404 ROMA.
2265 4336 2489 4440 Equus
2528 4357 2805 4405 mtrem.
2857 4336 3416 4428 AE.111.(Mur
3457 4277 3691 4420 Caes.)

672 4422 878 4513 Caput
920 4431 1060 4513 equi
1080 4427 1444 4509 frenatum,
1504 4445 1671 4511 pone
1709 4424 1936 4513 harpa.
2033 4429 2180 4496 AE.

665 4520 1045 4607 111.(Mu12
1091 4521 1318 4607 Caes.)

2364 4433 2634 4498 Similes
2676 4436 2987 4520 utrinque
3022 4447 3228 4522 typos
3267 4437 3335 4500 in
3375 4437 3800 4523 praeceden-

2262 4527 2446 4592 tibus
2497 4534 2832 4616 argenteis
2869 4533 3195 4607 vidimus.
3290 4533 3462 4602 Sunt
3525 4531 3804 4597 laboris

761 4618 970 4707 caput
1000 4621 1334 4717 Apollinisg
1354 4622 1730 4698 laureatum.
1775 4625 1835 4700 :c
1882 4619 2175 4692 ROMA.
2260 4626 2747 4699 delicatissimi.

1760 4947 1805 4968 Ἧι..
