4175 5450
683 643 821 698 220

676 827 821 892 ET.
890 821 1165 892 TERT.
1219 822 1504 892 IIIVlR.
1572 823 1655 887 R.
1720 821 1794 888 P.
1846 816 1921 889 C.
1971 821 2203 889 Navis.

679 922 831 991 ΑΕ.
867 925 956 988 ΙΙ.
1013 923 1157 989 RR.
1706 923 1717 930 ’

772 1118 852 1180 In
892 1116 1175 1182 denario
1218 1115 1269 1181 1.
1306 1115 1569 1177 incerta
1603 1111 1859 1175 omnia.
1961 1110 2201 1195 Neque

675 1207 855 1278 eniin
899 1233 1019 1292 cur
1079 1214 1150 1275 in
1224 1212 1458 1274 antica
1516 1220 1943 1296 proponatur
2008 1207 2204 1270 Mars

671 1305 1268 1395 tropaeophoriis‚
1322 1319 1389 1370 et
1431 1307 1581 1389 quis
1620 1304 1693 1368 fit
1727 1324 1934 1389 eques
1983 1303 2202 1388 partis

673 1405 958 1470 aversae
985 1453 1004 1482 ,
1059 1416 1181 1467 aut
1200 1403 1560 1494 ¹inscriptus
1599 1401 1826 1466 MAN.
1889 1400 2201 1465 FONTe·

670 1505 776 1569 ius
806 1500 1165 1568 TRae'bumcs
1199 1497 1568 1585 MlLitum,
1623 1511 1690 1562 et
1742 1500 1859 1582 qui
1907 1499 2046 1560 duo
2102 1497 2200 1560 in·

576 1655 581 1660 ,
669 1596 786 1662 fra
821 1598 1317 1684 digladiantes,
1371 1595 1528 1659 ratis
1573 1592 1869 1673 constat,
1924 1593 2036 1657 etii
2060 1592 2201 1656 Ha·

672 1713 1047 1781 vercampo
1095 1695 1165 1756 in
1206 1696 1632 1778 conjecturas
1670 1691 1885 1756 verba
1925 1709 2061 1753 non
2088 1690 2203 1752 de·

672 1788 948 1855 fuerint.
1084 1790 1325 1871 Neque
1416 1790 1635 1874 magis
1718 1788 2155 1874 exploratum
2181 1833 2201 1864 ,

674 1890 828 1973 quis
877 1885 1086 1958 fuerit
1130 1885 1241 1949 hic
1286 1885 1364 1949 P.
1409 1884 1739 1949 Fonteius
1787 1882 2078 1971 Capito,
2130 1894 2199 1946 et

671 1985 744 2048 in
792 1987 993 2067 quem
1028 1983 1297 2049 circiter
1333 1991 1586 2044 a'nnum
1629 1984 1770 2063 eius
1832 1981 2196 2044 Illviratus

673 2080 1049 2145 monetalis
1076 2079 1326 2156 cadat,
1399 2098 1602 2163 quem
1642 2076 1755 2141 hic
1798 2089 1866 2140 et
1916 2077 2196 2160 sequens

672 2178 1002 2240 denarius
1044 2176 1471 2260 praedicant.
1592 2173 1701 2236 De
1747 2172 1969 2238 VILla
2053 2172 2199 2235 Pv-

671 2272 852 2336 Biu‘ca
899 2272 1088 2334 numi
1126 2271 1406 2334 alterius
1445 2269 1605 2333 vide
1649 2269 1837 2340 dicta
1873 2272 1943 2334 in
1976 2268 2201 2333 numis

652 2368 891 2455 gentis
940 2368 1221 2431 Didiae.
1370 2367 1671 2430 Numum
1729 2364 2144 2452 postremum
2180 2410 2199 2442 ,

673 2463 790 2527 etfi
826 2463 1304 2550 peregrinum,
1357 2464 1522 2546 quia
1585 2475 1817 2527 tamen
1876 2463 1968 2527 ad
2020 2461 2201 2526 hanc

674 2572 945 2645 gentem
1013 2560 1347 2644 pertinet,
1386 2558 1550 2638 ‘huc
1634 2578 1890 2623 vocare
1979 2558 2203 2623 libuit.

672 2656 882 2720 Haud
929 2654 1133 2720 dubie
1177 2655 1293 2719 hic
1337 2654 1664 2719 Fonteius
1724 2654 1977 2743 Capito
2018 2657 2204 2721 idem

667 2752 789 2819 ille
833 2751 966 2840 est,
1015 2756 1101 2818 de
1146 2771 1283 2839 quo
1326 2752 1699 2819 Horatius:
1755 2749 1822 2833 ⁸)

2419 341 2528 436 XX

2022 619 2090 695 F
2113 619 2447 698 VF1·A.

2584 819 2923 911 Capitoque
2934 822 3120 913 fimat
3162 825 3466 893 Fonteius
3486 873 3507 907 ‚
3559 826 3648 894 ad
3689 848 3814 895 un-

2382 1019 2619 1086 Factus
2650 1015 2854 1096 homo,
2903 1016 3156 1084 Antoni
3192 944 3668 1112 non‘utgmuaeazis
3712 1022 3815 1093 at.

3224 1127 3323 1182 ter
3357 1121 3612 1186 amicus.
3829 1137 3840 1147 ‘

2285 1304 2520 1390 Neque
2559 1327 2727 1373 vero
2766 1307 3093 1375 Fonteius
3132 1310 3267 1390 hic,
3318 1315 3507 1397 quod
3547 1336 3632 1381 ex
3667 1318 3834 1383 Ho·-

2283 1406 2463 1467 ratio
2511 1404 2905 1484 constabat,
2958 1406 3168 1472 solum
3214 1408 3347 1473 fuit
3383 1412 3481 1474 M.
3524 1417 3812 1481 Antonii

2283 1500 2588 1578 amicus,
2643 1501 2753 1566 sed
2800 1505 3008 1566 etiam
3041 1505 3131 1568 ad
3169 1525 3274 1568 res
3308 1512 3641 1593 gerendas
3686 1515 3811 1577 ad-

2283 1594 2573 1687 hibitum
2633 1596 2747 1660 hic
2791 1618 3030 1661 numus
3067 1602 3294 1678 docet,
3347 1608 3463 1688 qui
3498 1626 3651 1670 eum
3679 1629 3811 1693 pro

2284 1704 2604 1777 praetore
2638 1692 3123 1759 administrasse
3172 1701 3647 1784 provinciam,
3698 1707 3814 1769 in-

2284 1800 2544 1875 certum
2570 1809 2805 1873 quam,
2858 1806 3223 1860 memorat.
3324 1796 3431 1858 Ad
3457 1796 3810 1865 suffectum

2281 1884 2490 1947 etiam
2527 1885 2946 1950 consulatum
2988 1900 3349 1971 promotus
3391 1894 3474 1964 V.
3525 1893 3600 1959 C.
3642 1916 3811 1976 721.

2281 1980 2550 2060 Homo,
2602 1994 2678 2046 ut
2713 1983 3021 2061 videtur,
3091 1984 3356 2065 lautus,
3438 1988 3810 2080 benignus,

2282 2095 2621 2161 quemque
2663 2078 3160 2161 omnis-color,
3215 2095 3283 2147 et
3318 2081 3560 2166 statuS‚
3613 2103 3679 2153 et
3699 2109 3812 2157 res

2284 2172 2614 2237 decuerit.
2715 2174 3011 2239 Horatio
3057 2178 3561 2267 comitibusque
3593 2186 3818 2253 Brun-

2283 2265 2537 2332 duflum
2581 2267 2911 2355 profectis
2960 2271 3258 2338 culinam
3309 2278 3668 2363 praebuit,
3747 2274 3822 2366 1’)

2281 2364 2557 2429 habitus
2612 2368 2822 2430 etiam
2864 2369 3153 2433 idoneus
3196 2375 3286 2437 ad
3347 2377 3649 2458 erotica,
3700 2386 3816 2449 cui

2284 2461 2375 2525 ab
2408 2464 2709 2527 Antonio
2743 2462 2917 2527 haec
2965 2485 3245 2551 quoque
3290 2473 3650 2555 provincia
3698 2478 3820 2543 de·

2284 2560 2661 2636 mandata,
2713 2572 2786 2623 ut
2836 2557 3280 2646 Cleopatram
3325 2566 3414 2630 ad
3455 2567 3522 2634 se
3574 2572 3640 2635 in
3676 2573 3821 2658 Sy-

2286 2657 2460 2719 riam
2504 2655 2877 2720 arcess'eret.
2934 2655 2993 2740 ⁶)
3047 2660 3223 2722 Vide
3264 2663 3349 2727 de
3399 2662 3533 2729 hoc
3587 2667 3824 2737 simili.

2255 2750 2560 2838 ,busque
2586 2754 2816 2817 aeneis
2848 2752 3049 2840 plura
3084 2758 3156 2822 in
3203 2773 3483 2827 moneta
3525 2767 3826 2838 Antonii
3951 2844 3956 2849 ,

2284 2847 2543 2915 111viri.

1977 3130 2527 3211 FVFIA.

777 3336 963 3404 Gens
993 3337 1291 3425 plebeia.
1390 3330 1790 3422 Cognomen
1833 3332 2116 3403 Calenus.

838 3442 845 3449 '
974 3434 1288 3525 KALEN
1292 3434 1347 3500 1.
1431 3432 1661 3519 Capita
1751 3431 1875 3499 duo
1927 3433 2211 3519 Jugata,

950 3533 1230 3621 juvenile
1305 3531 1691 3605 laureatum,
1757 3532 1967 3617 Juxta
2047 3526 2217 3616 quod

2294 3340 2446 3400 rum
2508 3335 2669 3401 teste
2758 3337 3288 3425 Barthelemyo‚
3352 3335 3420 3428 ὅ)
3493 3347 3824 3437 idemque

2295 3434 2609 3513 RRRR„
2662 3433 2941 3499 et¹forte
2986 3438 3247 3503 unione.

2393 3530 2550 3613 Quo
2584 3530 2793 3596 fuerit
2841 3533 2912 3595 in
2969 3532 3359 3619 magistratu
3418 3537 3820 3610 constitutus

968 3631 1123 3695 ΗΟ.
1155 3678 1177 3710 ,
1230 3625 1924 3716 σῌκὶιιηίίεςαὶεαέμηι
1949 3674 1971 3706 ,
2003 3626 2213 3713 juxta
2291 3626 2403 3693 hic
2449 3626 2681 3691 Fufius
2750 3627 3088 3707 Calenus,
3162 3642 3231 3692 et
3295 3653 3496 3717 quem
3569 3640 3820 3705 aversa

781 3747 817 3772 ·
964 3726 1137 3813 quod
1175 3726 1421 3789 VIRT.

676 3820 985 3889 CORDI.
1039 3822 1278 3890 Mulier
1291 3867 1313 3900 ,
1368 3824 1580 3909 Juxta
1652 3841 1841 3909 qaam
1892 3820 2204 3908 scriptum

672 3918 919 3984 ITAL.
942 3966 964 3998 ,
1014 3921 1199 4009 stans
1215 3968 1234 3999 ,
1288 3927 1348 3984 et
1389 3920 1450 4007 fi
1502 3920 1921 4004 „consumptae
1999 3926 2212 3983 tenens-

672 4016 1001 4103 dexterq'm
1036 4017 1265 4102 jungit
1309 4036 1445 4083 cum
1498 4015 1749 4082 muliere
1791 4016 1923 4081 alia
1941 4060 1960 4091 ,
1995 4014 2204 4099 juxta

670 4133 862 4202 quam
877 4116 1187 4202 scriptum
1239 4113 1393 4181 Ro,
1452 4112 1701 4199 finssra
1746 4114 2081 4201 steph-um,
2106 4116 2203 4171 te-

670 4221 885 4288 nente,
932 4220 998 4276 et
1059 4209 1126 4276 d.
1173 4209 1331 4297 pede
1380 4207 1576 4297 globo
1626 4210 1935 4298 infistente.
2035 4203 2203 4267 Sunt

674 4307 911 4371 serrati
937 4308 1025 4381 R.
1077 4341 1177 4356 —-
1226 4309 1491 4371 Numus
1540 4306 1761 4389 idem,
1812 4303 1925 4367 sed
1974 4302 2205 4387 quina-

671 4408 816 4471 rius
855 4424 1127 4484 aurem,
1181 4403 1270 4470 est
1299 4407 1379 4479 in·
1416 4400 1642 4466 museo
1701 4399 1878 4488 regis
1939 4394 2205 4463 Gallia-

750 4646 807 4709 ι)
844 4646 912 4702 1..
949 4644 993 4695 1.
1032 4643 1150 4707 Sat,
1183 4661 1239 4715 5.
1276 4660 1334 4705 v,
1365 4656 1456 4709 32.
1650 4638 1711 4708 b>
1751 4638 1938 4700 Horat,
1973 4638 2012 4692 l.
2049 4656 2100 4695 ο.

684 4713 876 4769 xxx.
913 4731 971 4787 ρ.
1006 4729 1134 4784 ³72·

2288 3722 2623 3807 collegam
2663 3724 3055 3809 conjungit,
3129 3714 3400 3794 Mucius
3472 3731 3736 3799 Cordus
3786 3785 3813 3816 ,

2288 3820 2604 3887 divinare
2645 3818 2947 3883 difficile.
3029 3818 3155 3913 pe
3203 3827 3540 3910 capitibus
3581 3831 3817 3897 Hono..

2283 3918 2383 3981 ris
2421 3920 2490 3977 et
2544 3913 2828 4001 Virtutis
2889 3911 3341 4002 opportunius
3420 3937 3658 4011 agetur
3735 3931 3820 3994 in

2284 4010 2545 4074 Mucia.
2647 4011 2928 4099 Typum
3006 4015 3326 4096 aversae,
3410 4041 3548 4104 quo
3601 4024 3816 4091 Italia

2283 4118 2354 4170 et
2388 4107 2616 4172 Roma
2664 4106 3001 4195 finguntur
3031 4113 3257 4177 amice
3286 4134 3526 4182 manus
3569 4122 3808 4185 conse-

2282 4223 2431 4269 rere
2465 4251 2486 4282 ,
2541 4205 2786 4267 eruditi
2855 4203 3160 4283 referunt
3207 4209 3298 4273 ad
3362 4218 3812 4282 concordiam

2283 4301 2639 4365 Romanos
2670 4302 2846 4363 inter
2884 4314 2953 4365 et
2993 4302 3238 4370 Italiae
3284 4310 3582 4394 populos
3628 4313 3816 4378 resti·

2282 4407 2546 4476 tutam,
2614 4400 2891 4481 quando
2939 4398 3047 4463 his
3100 4401 3251 4489 lege
3309 4405 3488 4470 Iulia
3558 4411 3814 4476 civitas

2307 4639 2356 4703 c)
2393 4634 2534 4692 mut.
2571 4638 2628 4689 in
2663 4638 2873 4691 Anton.
2909 4655 2969 4712 p.
3004 4656 3127 4708 93²·
3338 4642 3398 4709 d)
3433 4646 3500 4699 B.
3535 4648 3602 4703 L.
3639 4651 3822 4714 Tom.
