4175 5450
686 585 827 653 204
1026 505 1033 510 ⁸
1929 561 2570 652 EGNATtA.

987 765 1359 834 CAESAR.
1423 761 1923 832 AVGVSTVS.
2002 769 2210 854 Caput
2284 771 2404 834 nio
2453 768 2544 834 ab
2596 764 2892 855 Apgusto
2941 764 3174 834 iterari
3225 767 3528 838 solitum:
3593 773 3812 843 σπευδε

972 866 1241 945 nudum,
1294 864 1391 931 ve!
1420 884 1650 931 corona
1680 884 1917 952 querna
1945 867 2205 931 redimi·
2286 866 2554 954 cpoedewg
2576 912 2595 943 ,
2649 859 2943 949 ἁσφαλης
2982 886 3096 951 γαρ
3129 867 3214 936 es·
3243 861 3542 951 &pamm
3591 865 3629 953 ἡ
3656 876 3805 959 Θρα-

980 977 1130 1031 tum.
2288 984 2396 1041 συς
2431 965 2850 1045 ςρατηλσετης,
2904 963 3136 1049 festina
3191 964 3379 1044 lente,
3450 967 3586 1034 dux
3653 973 3817 1034 enim

679 1065 786 1133 M.
831 1059 1274 1132 DVRMIVS.
1318 1059 1600 1124 IIIVIR.
1664 1057 1843 1143 Aper
1905 1056 2205 1124 venabulo
2277 1059 2588 1144 providus
2624 1061 2905 1145 praestat
2937 1065 3271 1126 temerario
3302 1109 3323 1140 ‚
3378 1062 3441 1145 ³)
3489 1067 3814 1129 nimirum

681 1166 1060 1250 transfixus.
1098 1151 1209 1204 ’-
1257 1157 1383 1221 Leo
1431 1175 1673 1221 cervum
1730 1154 2068 1243 depafiens.
2108 1189 2208 1203 -—
2291 1157 2642 1241 papilione
2682 1156 3097 1222 celeritatem
3125 1208 3145 1240 ‚
3215 1179 3478 1244 paguro
3531 1164 3822 1226 tardita-

679 1260 991 1344 fagum
1082 1251 1458 1339 papilionem
1517 1249 1857 1339 forficibus
1911 1255 2204 1317 retinens.
2289 1265 2428 1316 tem
2469 1255 2602 1316 rati
2635 1253 2944 1316 indicari.
3045 1253 3181 1317 Sed
3215 1257 3436 1318 eidem
3494 1256 3816 1343 fignifica-

680 1356 814 1419 Hic
846 1353 1216 1444 postremus
1273 1347 1363 1414 est
1416 1350 1563 1414 AV.
1613 1349 1825 1413 RRR.
1897 1348 2206 1435 plerique
2287 1347 2460 1413 tioni
2493 1349 2829 1430 subjecere
2866 1350 3074 1413 etiam
3117 1370 3391 1415 numum
3422 1354 3817 1436 Octaviani,

682 1450 751 1518 C,
2291 1466 2496 1530 quem
2532 1447 2601 1510 in
2634 1449 2777 1528 ejus
2835 1460 3114 1512 moneta
3175 1448 3264 1512 ad
3319 1470 3569 1514 annum
3607 1454 3691 1516 V.
3742 1451 3818 1536 C.

971 1541 1357 1611 HONORI.
1396 1543 1496 1607 Μ.
1551 1541 1996 1610 DVRMIVS.
2073 1541 2208 1606 111-
2296 1562 2434 1622 719
2479 1543 2830 1620 recitabo,
2885 1546 3000 1628 qui
3031 1544 3331 1608 Hermen
3374 1545 3642 1610 fulmini
3688 1549 3818 1610 im·

976 1645 1157 1706 VIR.
1215 1641 1418 1729 Caput
1439 1640 1723 1723 juvenile.
2293 1637 2581 1724 pontum
2623 1637 2791 1705 [istit.
2896 1641 3204 1723 Quorum
3242 1643 3649 1723 sententiae,
3700 1645 3820 1728 qui

685 1738 1144 1810 AvasTo.
1184 1738 1335 1801 OB.
1395 1735 1468 1800 C.
1533 1737 1598 1799 S.
1668 1739 1847 1801 intra
1892 1751 2212 1822 quer-nam.
2265 1734 2522 1814 .volet,
2572 1735 2968 1805 subscribat.

688 1844 838 1909 AV.
889 1876 988 1890 —
1039 1833 1413 1899 CAESAR.
1451 1831 1953 1899 AVGVSTVS.
2020 1835 2089 1899 S.
2129 1832 2209 1897 C.
2394 1831 2471 1893 In
2526 1833 2821 1910 denariis
2881 1835 3114 1900 alteris
3183 1837 3484 1902 anticam
3560 1839 3827 1926 semper

690 1936 1066 2026 Quadrigas
1105 1929 1341 2009 lentae,
1394 1950 1475 1996 ex
1516 1927 1743 2016 quibus
1771 1931 2042 2018 superne
2084 1931 2217 2016 flos
2296 1943 2592 2013 occupat
2623 1943 2830 2015 caput
2876 1931 3328 2013 HONORIS,
3396 1936 3673 2020 perinde
3729 1954 3825 2000 ac

674 2039 1011 2122 prominet.
1076 2063 1176 2078 -—·
1259 2025 1635 2094 CAESAR.
1709 2026 2211 2121 AvssvsTVS.
2294 2027 2363 2089 in
2413 2026 2637 2090 numis
2694 2024 3016 2091 similibus
3080 2042 3147 2093 et
3214 2031 3458 2094 eodem
3510 2045 3825 2117 tempore

683 2130 916 2196 SIGN.
968 2125 1228 2190 RECE.
1283 2122 2215 2212 Parthusgenuflexusfignum
2296 2121 2564 2209 [ignatis
2609 2122 2891 2206 Aquillii
2926 2125 3114 2189 Flori
3168 2126 3400 2191 IIIviri
3450 2127 3678 2193 [istitur
3707 2150 3823 2192 ca·

681 2229 997 2294 militare·
1044 2220 1249 2309 offert.
1300 2257 1399 2271 —
1446 2219 1947 2286 AVGVSTVS.
2010 2219 2213 2284 CAE-
2297 2231 2421 2305 put
2453 2220 2769 2288 Virtutis,
2870 2220 3107 2286 Refert
3140 2212 3403 2306 Dio,¹’)
3454 2223 3822 2311 Augustum

691 2325 887 2389 SAR.
953 2322 1080 2389 Vir
1116 2323 1184 2383 in
1231 2319 1403 2405 bigis
1452 2315 1917 2403 elephantorum
1984 2317 2049 2382 d.
2098 2337 2217 2383 ra·
2286 2317 2482 2406 ,wc
2539 2336 2678 2401 737
2713 2315 2948 2400 aliqua
2987 2318 3262 2383 inludis
3292 2322 3545 2385 Virtuti
3588 2335 3653 2385 et
3677 2323 3822 2385 Ho-

684 2414 1267 2518 mungpraetendit.
1369 2417 1517 2478 AV.
1572 2414 1719 2478 RR.
1773 2414 1920 2477 AR.
1965 2411 2042 2477 C.
2297 2413 2448 2475 nori
2491 2413 2695 2475 sacris
2754 2413 3166 2495 immutass'e,
3240 2421 3428 2501 cujus
3499 2420 3698 2483 causa
3731 2419 3826 2482 ab

784 2518 972 2602 Aper
1010 2528 1074 2578 et
1115 2514 1227 2576 leo
1279 2509 1557 2576 facilem
1617 2509 1877 2596 habent
1914 2509 2215 2597 explica·
2296 2508 2601 2593 Aquillio
2646 2520 2714 2572 et
2743 2510 3035 2573 Durmio
3071 2559 3090 2590 ,
3145 2514 3262 2602 qui
3318 2517 3513 2578 annis
3568 2535 3830 2579 annum

688 2629 883 2694 tum,
934 2632 1094 2678 nam
1134 2610 1441 2674 indicant
1478 2609 1881 2673 venationes
1921 2605 2219 2693 sumptu·
2301 2618 2444 2686 734
2497 2607 2811 2691 proxime
2871 2606 3430 2692 consequentibus
3485 2632 3615 2675 una
3665 2633 3834 2676 cum

694 2714 886 2792 osae,
939 2708 1183 2798 quibus
1214 2703 1584 2794 Augustum
1647 2723 2066 2791 magnopere
2102 2704 2215 2767 de·
2299 2702 2585 2768 Caninio
2621 2714 2690 2766 et
2722 2703 3046 2768 Petronio
3105 2705 3295 2771 fuere
3371 2708 3598 2772 IIIviri
3669 2729 3830 2771 mo-

691 2794 1017 2875 lectatum
1059 2803 1368 2892 pluribus
1396 2803 1567 2867 locis
1600 2800 1925 2865 testantur
1961 2801 2101 2863 Dio
2151 2812 2218 2863 et
2297 2797 2581 2876 uenales,
2603 2800 2948 2881 utriusque
2968 2816 3174 2889 caput
3198 2806 3496 2870 denariis
3511 2805 3836 2870 insertum

654 2886 1079 2972 'Suetonium
1180 2903 1541 2973 Atverum
1613 2897 1929 2983 aenigma
2017 2894 2222 2958 offert
2301 2894 2591 2957 videtur.
2690 2895 2796 2957 De
2828 2896 3107 2962 Honore
3165 2913 3232 2964 et
3270 2903 3536 2965 Virtute
3602 2903 3832 2968 laxius

696 3022 995 3089 pagurus
1039 2994 1455 3082 papilionem
1495 2991 1834 3077 [li-ingena.
1888 2993 2217 3075 Antiqua·
2309 3000 2550 3073 agetur
2577 2989 2647 3055 in
2687 2993 2906 3055 numis
2958 2997 3173 3077 gentis
3214 2998 3510 3063 Muciae.
3613 3001 3831 3062 Aver-

697 3101 781 3162 rii
815 3144 836 3175 ,
890 3094 1135 3179 quibus
1179 3090 1364 3153 suum
1405 3089 1660 3173 Apollo
1709 3087 2051 3173 tripodem
2111 3086 2226 3149 be·
2307 3083 2451 3162 sas»,
2508 3105 2685 3169 quae
2725 3089 2814 3151 ad
2847 3109 3046 3152 unum
3070 3091 3433 3179 Augustum
3469 3095 3832 3179 pertinent,

700 3196 901 3280 nighe
994 3184 1298 3262 indultu,
1367 3181 1575 3247 facile
1658 3201 1969 3268 reperere
1999 3229 2019 3261 ,
2095 3182 2229 3245 hoc
2308 3181 2690 3265 explicatas
2731 3185 2892 3250 vide
2928 3187 2998 3250 in
3031 3191 3171 3274 ejus
3201 3192 3420 3255 numis
3457 3193 3548 3258 ad
3577 3210 3835 3257 annum

704 3287 1023 3375 symbolo
1066 3281 1357 3369 exprimi
1396 3280 1721 3367 adagium
1761 3275 1920 3343 teste
1986 3278 2227 3344 Sueto·
2306 3279 2391 3342 V.
2434 3276 2502 3345 C.
2536 3294 2700 3363 734.

1868 3560 2683 3645 EGNATIA.

802 3771 984 3837 Gens
1025 3770 1321 3860 plebeia.
1442 3772 1835 3859 Cognomen
1878 3771 1950 3834 in
2004 3769 2229 3836 numis
2413 3766 2864 3863 Quaepcausa
2908 3769 3147 3853 fuerit,
3195 3795 3312 3840 cur
3353 3775 3467 3839 hic
3504 3776 3840 3863 Egnatius

700 3866 1054 3939 Maximis.
1498 3876 1507 3883 ‘
2311 3867 2686 3944 Venerem,
2740 3881 2861 3933 aut
2893 3870 3126 3934 saltem
3168 3875 3307 3953 ejus
3345 3875 3663 3959 comitem
3706 3878 3842 3942 Cu·

1000 3962 1530 4037 MAXSVMVS.
1612 3962 1818 4049 Caput
1913 3962 2226 4047 Veneris,
2313 3960 2616 4046 pidinem
2647 3963 2718 4026 in
2756 3965 3071 4031 omnibus
3120 3968 3249 4032 suis
3284 3970 3577 4034 denariis
3621 3971 3847 4059 [igna-
3909 3958 3926 3963 ”

628 4090 644 4111 1
992 4083 1078 4128 ex
1110 4063 1286 4147 cujus
1317 4060 1467 4137 collo
1498 4059 1721 4147 pendet
1770 4060 2026 4146 Cupido.
2306 4058 2507 4137 verit,
2556 4057 3077 4149 incompertum,
3172 4056 3497 4151 Figuram
3529 4066 3704 4154 bigis
3740 4071 3850 4134 in-

680 4159 793 4230 *C.
857 4157 1340 4224 EGNATIVS.
1376 4159 1510 4233 CN,
1557 4159 1637 4232 F,
1681 4158 1814 4224 CN.
1866 4161 1946 4222 N.
1986 4153 2227 4221 Mulier
2309 4152 2632 4220 sistentem
2674 4159 3192 4248 Havercampus
3229 4182 3487 4225 marem
3522 4165 3715 4243 dicit,
3769 4179 3852 4232 et

704 4258 987 4325 intentis
1022 4254 1193 4341 bigis
1239 4257 1440 4342 capite
1497 4254 1783 4320 laureato
1875 4262 1936 4317 et
1981 4251 2183 4318 velato
2209 4297 2229 4329 ,
2265 4328 2276 4335 ·
2309 4254 2650 4340 intrepide
2674 4255 2748 4320 L.
2772 4255 3030 4321 Sullam
3068 4258 3336 4322 adserit.
3437 4260 3852 4346 Perperam,

706 4378 893 4444 quam
943 4351 1212 4420 advolent
1280 4352 1609 4431 ‚Victoria
1664 4358 1962 4427 coronat,
2055 4358 2232 4414 retro
2315 4369 2477 4414 nam
2529 4352 2766 4417 aversa
2819 4353 2976 4417 talis
3010 4352 3098 4418 e'st
3125 4402 3145 4434 ,
3199 4356 3468 4439 qualem
3502 4360 3858 4443 recitavi,

697 4454 926 4541 pileus.
1029 4451 1197 4515 Sunt
1257 4451 1517 4524 errati,
1571 4461 1639 4511 et
1676 4447 1744 4511 C.
2239 4518 2246 4525 .
2318 4460 2390 4512 et
2445 4448 2687 4512 mulier
2721 4446 2895 4534 bigis
2929 4463 3130 4515 vecta
3178 4453 3405 4516 verius
3469 4452 3557 4517 est
3593 4455 3864 4522 Liber-

698 4584 3882 4622 Μ

781 4663 838 4730 a)
871 4663 929 4714 iu
964 4660 1107 4731 Aug.
1134 4675 1192 4713 e.
1226 4674 1315 4732 ⁸5·
1486 4655 1544 4723 b)
1580 4657 1647 4711 L.
1685 4655 1841 4717 LIV.
1878 4657 1909 4727 ς
1951 4668 2034 4721 18.
