<?xml version="1.0" encoding="UTF-8"?>
<!DOCTYPE html PUBLIC "-//W3C//DTD XHTML 1.0 Transitional//EN"
    "http://www.w3.org/TR/xhtml1/DTD/xhtml1-transitional.dtd">
<html xmlns="http://www.w3.org/1999/xhtml" xml:lang="en" lang="en">
 <head>
  <title>
</title>
<meta http-equiv="Content-Type" content="text/html;charset=utf-8" />
  <meta name='ocr-system' content='tesseract 3.04.00' />
  <meta name='ocr-capabilities' content='ocr_page ocr_carea ocr_par ocr_line ocrx_word'/>
</head>
<body>
  <div class='ocr_page' id='page_1' title='image "./doctrinanumorum06unkngoog_0291.png"; bbox 0 0 4175 5450; ppageno 0'>
   <div class='ocr_carea' id='block_1_1' title="bbox 790 520 927 589">
    <p class='ocr_par' dir='ltr' id='par_1_1' title="bbox 790 520 927 589">
     <span class='ocr_line' id='line_1_1' title="bbox 790 520 927 589; baseline 0 -13"><span class='ocrx_word' id='word_1_1' title='bbox 790 520 927 589; x_wconf 52' lang='lat' dir='ltr'><strong>aab</strong></span> 
     </span>
    </p>
   </div>
   <div class='ocr_carea' id='block_1_2' title="bbox 730 700 2304 2406">
    <p class='ocr_par' dir='ltr' id='par_1_2' title="bbox 789 700 2303 1057">
     <span class='ocr_line' id='line_1_2' title="bbox 794 700 2303 772; baseline -0.002 0"><span class='ocrx_word' id='word_1_2' title='bbox 794 704 982 772; x_wconf 86' lang='lat' dir='ltr'><strong>SEX.</strong></span> <span class='ocrx_word' id='word_1_3' title='bbox 1013 704 1239 768; x_wconf 87' lang='lat' dir='ltr'><strong>POM.</strong></span> <span class='ocrx_word' id='word_1_4' title='bbox 1277 703 1706 770; x_wconf 83' lang='lat' dir='ltr'><strong>FOSTLVS.</strong></span> <span class='ocrx_word' id='word_1_5' title='bbox 1757 700 2144 769; x_wconf 65' lang='lat' dir='ltr'><strong>Romamn</strong></span> <span class='ocrx_word' id='word_1_6' title='bbox 2174 703 2303 771; x_wconf 72' lang='lat' dir='ltr'><strong>Re-</strong></span> 
     </span>
     <span class='ocr_line' id='line_1_3' title="bbox 793 798 2302 884; baseline -0.001 -20"><span class='ocrx_word' id='word_1_7' title='bbox 793 822 931 866; x_wconf 82' lang='lat' dir='ltr'><strong>mus</strong></span> <span class='ocrx_word' id='word_1_8' title='bbox 974 802 1267 865; x_wconf 69' lang='lat' dir='ltr'><strong>lactentes</strong></span> <span class='ocrx_word' id='word_1_9' title='bbox 1280 800 1393 877; x_wconf 81' lang='lat' dir='ltr'><strong>sub</strong></span> <span class='ocrx_word' id='word_1_10' title='bbox 1416 802 1547 884; x_wconf 82' lang='lat' dir='ltr'><strong>ficu</strong></span> <span class='ocrx_word' id='word_1_11' title='bbox 1584 798 1936 876; x_wconf 67' lang='lat' dir='ltr'><strong>Ruminali,</strong></span> <span class='ocrx_word' id='word_1_12' title='bbox 1988 802 2087 863; x_wconf 76' lang='lat' dir='ltr'><strong>cui</strong></span> <span class='ocrx_word' id='word_1_13' title='bbox 2124 802 2302 884; x_wconf 80' lang='lat' dir='ltr'><strong>picus</strong></span> 
     </span>
     <span class='ocr_line' id='line_1_4' title="bbox 790 893 2299 983; baseline -0.001 -23"><span class='ocrx_word' id='word_1_14' title='bbox 790 896 1002 980; x_wconf 74' lang='lat' dir='ltr'><strong>inficiet</strong></span> <span class='ocrx_word' id='word_1_15' title='bbox 1018 946 1041 980; x_wconf 88' lang='lat'><strong>,</strong></span> <span class='ocrx_word' id='word_1_16' title='bbox 1091 915 1265 981; x_wconf 78' lang='lat' dir='ltr'><strong>quem</strong></span> <span class='ocrx_word' id='word_1_17' title='bbox 1301 897 1546 983; x_wconf 65' lang='lat' dir='ltr'><strong>afflans</strong></span> <span class='ocrx_word' id='word_1_18' title='bbox 1572 898 1782 980; x_wconf 80' lang='lat' dir='ltr'><strong>pastor</strong></span> <span class='ocrx_word' id='word_1_19' title='bbox 1823 893 2150 982; x_wconf 43' lang='lat' dir='ltr'><strong>Faustulus</strong></span> <span class='ocrx_word' id='word_1_20' title='bbox 2182 915 2299 959; x_wconf 78' lang='lat' dir='ltr'><strong>ex-</strong></span> 
     </span>
     <span class='ocr_line' id='line_1_5' title="bbox 789 988 1840 1057; baseline -0.004 0"><span class='ocrx_word' id='word_1_21' title='bbox 789 1002 961 1057; x_wconf 70' lang='lat' dir='ltr'><strong>tenta</strong></span> <span class='ocrx_word' id='word_1_22' title='bbox 990 1011 1177 1056; x_wconf 79' lang='lat' dir='ltr'><strong>manu</strong></span> <span class='ocrx_word' id='word_1_23' title='bbox 1221 991 1478 1056; x_wconf 79' lang='lat' dir='ltr'><strong>indicat.</strong></span> <span class='ocrx_word' id='word_1_24' title='bbox 1526 1026 1534 1036; x_wconf 94' lang='lat'><strong>·</strong></span> <span class='ocrx_word' id='word_1_25' title='bbox 1577 993 1725 1054; x_wconf 88' lang='lat' dir='ltr'><strong>AR.</strong></span> <span class='ocrx_word' id='word_1_26' title='bbox 1762 988 1840 1054; x_wconf 92' lang='lat' dir='ltr'><strong>C.</strong></span> 
     </span>
    </p>

    <p class='ocr_par' dir='ltr' id='par_1_3' title="bbox 730 1083 2304 2406">
     <span class='ocr_line' id='line_1_6' title="bbox 891 1083 2296 1168; baseline -0.003 -18"><span class='ocrx_word' id='word_1_27' title='bbox 891 1083 1159 1151; x_wconf 82' lang='lat' dir='ltr'>Gemini</span> <span class='ocrx_word' id='word_1_28' title='bbox 1190 1084 1232 1150; x_wconf 78' lang='lat' dir='ltr'><strong>&#39;a</strong></span> <span class='ocrx_word' id='word_1_29' title='bbox 1263 1087 1424 1168; x_wconf 87' lang='lat' dir='ltr'><strong>lupa</strong></span> <span class='ocrx_word' id='word_1_30' title='bbox 1456 1087 1721 1162; x_wconf 74' lang='lat' dir='ltr'><strong>nutriti,</strong></span> <span class='ocrx_word' id='word_1_31' title='bbox 1776 1084 1939 1156; x_wconf 78' lang='lat' dir='ltr'><strong>ficus</strong></span> <span class='ocrx_word' id='word_1_32' title='bbox 1976 1085 2296 1148; x_wconf 86' lang='lat' dir='ltr'><strong>Rumina·</strong></span> 
     </span>
     <span class='ocr_line' id='line_1_7' title="bbox 738 1178 2296 1265; baseline -0.006 -16"><span class='ocrx_word' id='word_1_33' title='bbox 738 1241 743 1250; x_wconf 84' lang='lat'>‚</span> <span class='ocrx_word' id='word_1_34' title='bbox 790 1185 877 1247; x_wconf 90' lang='lat' dir='ltr'><strong>lis</strong></span> <span class='ocrx_word' id='word_1_35' title='bbox 905 1219 926 1265; x_wconf 90' lang='lat'><strong>,-</strong></span> <span class='ocrx_word' id='word_1_36' title='bbox 982 1182 1169 1265; x_wconf 84' lang='lat' dir='ltr'><strong>picus</strong></span> <span class='ocrx_word' id='word_1_37' title='bbox 1218 1180 1366 1242; x_wconf 83' lang='lat' dir='ltr'><strong>avis</strong></span> <span class='ocrx_word' id='word_1_38' title='bbox 1401 1227 1419 1257; x_wconf 93' lang='lat'><strong>,</strong></span> <span class='ocrx_word' id='word_1_39' title='bbox 1473 1178 1695 1263; x_wconf 85' lang='lat' dir='ltr'><strong>pastor</strong></span> <span class='ocrx_word' id='word_1_40' title='bbox 1748 1179 2146 1255; x_wconf 74' lang='lat' dir='ltr'><strong>Faustulus,</strong></span> <span class='ocrx_word' id='word_1_41' title='bbox 2201 1181 2296 1241; x_wconf 91' lang='lat' dir='ltr'><strong>ni-</strong></span> 
     </span>
     <span class='ocr_line' id='line_1_8' title="bbox 789 1269 2294 1349; baseline -0.005 -7"><span class='ocrx_word' id='word_1_42' title='bbox 789 1280 1034 1342; x_wconf 78' lang='lat' dir='ltr'><strong>mirum</strong></span> <span class='ocrx_word' id='word_1_43' title='bbox 1076 1269 1256 1349; x_wconf 82' lang='lat' dir='ltr'><strong>urbis</strong></span> <span class='ocrx_word' id='word_1_44' title='bbox 1289 1286 1603 1338; x_wconf 79' lang='lat' dir='ltr'><strong>aeternae</strong></span> <span class='ocrx_word' id='word_1_45' title='bbox 1655 1274 2106 1348; x_wconf 87' lang='lat' dir='ltr'><strong>incunabula,</strong></span> <span class='ocrx_word' id='word_1_46' title='bbox 2178 1292 2294 1348; x_wconf 72' lang='lat' dir='ltr'><strong>no·</strong></span> 
     </span>
     <span class='ocr_line' id='line_1_9' title="bbox 789 1369 2295 1454; baseline -0.002 -21"><span class='ocrx_word' id='word_1_47' title='bbox 789 1369 1203 1445; x_wconf 70' lang='lat' dir='ltr'><strong>tiorasunt,</strong></span> <span class='ocrx_word' id='word_1_48' title='bbox 1243 1389 1449 1454; x_wconf 75' lang='lat' dir='ltr'><strong>quam</strong></span> <span class='ocrx_word' id='word_1_49' title='bbox 1494 1383 1565 1432; x_wconf 91' lang='lat' dir='ltr'><strong>ut</strong></span> <span class='ocrx_word' id='word_1_50' title='bbox 1612 1372 1696 1433; x_wconf 85' lang='lat' dir='ltr'><strong>iis</strong></span> <span class='ocrx_word' id='word_1_51' title='bbox 1741 1371 2138 1434; x_wconf 76' lang='lat' dir='ltr'><strong>enarrandis</strong></span> <span class='ocrx_word' id='word_1_52' title='bbox 2197 1370 2295 1431; x_wconf 90' lang='lat' dir='ltr'><strong>in-</strong></span> 
     </span>
     <span class='ocr_line' id='line_1_10' title="bbox 787 1454 2296 1551; baseline -0.002 -23"><span class='ocrx_word' id='word_1_53' title='bbox 787 1454 1138 1538; x_wconf 75' lang='lat' dir='ltr'><strong>haeream,</strong></span> <span class='ocrx_word' id='word_1_54' title='bbox 1199 1465 1356 1528; x_wconf 79' lang='lat' dir='ltr'><strong>Sex.</strong></span> <span class='ocrx_word' id='word_1_55' title='bbox 1392 1467 1755 1551; x_wconf 84' lang='lat' dir='ltr'><strong>Pompejus</strong></span> <span class='ocrx_word' id='word_1_56' title='bbox 1807 1466 2002 1546; x_wconf 86' lang='lat' dir='ltr'><strong>hujus</strong></span> <span class='ocrx_word' id='word_1_57' title='bbox 2057 1477 2296 1527; x_wconf 84' lang='lat' dir='ltr'><strong>auctor</strong></span> 
     </span>
     <span class='ocr_line' id='line_1_11' title="bbox 790 1559 2296 1645; baseline 0.001 -25"><span class='ocrx_word' id='word_1_58' title='bbox 790 1560 1054 1621; x_wconf 83' lang='lat' dir='ltr'><strong>denarii</strong></span> <span class='ocrx_word' id='word_1_59' title='bbox 1085 1559 1258 1623; x_wconf 89' lang='lat' dir='ltr'><strong>hunc</strong></span> <span class='ocrx_word' id='word_1_60' title='bbox 1300 1561 1525 1645; x_wconf 83' lang='lat' dir='ltr'><strong>selegit</strong></span> <span class='ocrx_word' id='word_1_61' title='bbox 1562 1560 1840 1626; x_wconf 82' lang='lat' dir='ltr'><strong>aversae</strong></span> <span class='ocrx_word' id='word_1_62' title='bbox 1887 1573 2152 1643; x_wconf 83' lang='lat' dir='ltr'><strong>typum,</strong></span> <span class='ocrx_word' id='word_1_63' title='bbox 2189 1559 2296 1621; x_wconf 91' lang='lat' dir='ltr'><strong>seu</strong></span> 
     </span>
     <span class='ocr_line' id='line_1_12' title="bbox 788 1655 2299 1738; baseline 0.001 -22"><span class='ocrx_word' id='word_1_64' title='bbox 788 1655 975 1738; x_wconf 87' lang='lat' dir='ltr'><strong>quod</strong></span> <span class='ocrx_word' id='word_1_65' title='bbox 1013 1655 1193 1716; x_wconf 90' lang='lat' dir='ltr'><strong>idem</strong></span> <span class='ocrx_word' id='word_1_66' title='bbox 1227 1656 1515 1718; x_wconf 86' lang='lat' dir='ltr'><strong>haberet</strong></span> <span class='ocrx_word' id='word_1_67' title='bbox 1552 1676 1704 1718; x_wconf 85' lang='lat' dir='ltr'><strong>cum</strong></span> <span class='ocrx_word' id='word_1_68' title='bbox 1743 1656 2160 1738; x_wconf 82' lang='lat' dir='ltr'><strong>geminorum</strong></span> <span class='ocrx_word' id='word_1_69' title='bbox 2183 1675 2299 1717; x_wconf 89' lang='lat' dir='ltr'><strong>nu·</strong></span> 
     </span>
     <span class='ocr_line' id='line_1_13' title="bbox 788 1750 2300 1835; baseline -0.001 -21"><span class='ocrx_word' id='word_1_70' title='bbox 788 1750 988 1814; x_wconf 85' lang='lat' dir='ltr'><strong>tricio</strong></span> <span class='ocrx_word' id='word_1_71' title='bbox 1025 1769 1423 1833; x_wconf 84' lang='lat' dir='ltr'><strong>cognomen,</strong></span> <span class='ocrx_word' id='word_1_72' title='bbox 1478 1752 1587 1813; x_wconf 86' lang='lat' dir='ltr'><strong>seu</strong></span> <span class='ocrx_word' id='word_1_73' title='bbox 1617 1751 1802 1834; x_wconf 87' lang='lat' dir='ltr'><strong>quod</strong></span> <span class='ocrx_word' id='word_1_74' title='bbox 1820 1770 2058 1814; x_wconf 85' lang='lat' dir='ltr'><strong>revera</strong></span> <span class='ocrx_word' id='word_1_75' title='bbox 2094 1770 2300 1835; x_wconf 77' lang='lat' dir='ltr'><strong>genus</strong></span> 
     </span>
     <span class='ocr_line' id='line_1_14' title="bbox 791 1843 2302 1932; baseline 0.001 -26"><span class='ocrx_word' id='word_1_76' title='bbox 791 1844 974 1914; x_wconf 83' lang='lat' dir='ltr'><strong>suum</strong></span> <span class='ocrx_word' id='word_1_77' title='bbox 1017 1844 1106 1907; x_wconf 90' lang='lat' dir='ltr'><strong>ab</strong></span> <span class='ocrx_word' id='word_1_78' title='bbox 1140 1845 1274 1909; x_wconf 80' lang='lat' dir='ltr'><strong>hoc</strong></span> <span class='ocrx_word' id='word_1_79' title='bbox 1317 1843 1578 1932; x_wconf 79' lang='lat' dir='ltr'><strong>pastore</strong></span> <span class='ocrx_word' id='word_1_80' title='bbox 1623 1846 1777 1912; x_wconf 87' lang='lat' dir='ltr'><strong>duci</strong></span> <span class='ocrx_word' id='word_1_81' title='bbox 1809 1846 2132 1922; x_wconf 83' lang='lat' dir='ltr'><strong>credidit,</strong></span> <span class='ocrx_word' id='word_1_82' title='bbox 2185 1857 2302 1907; x_wconf 87' lang='lat' dir='ltr'><strong>aut</strong></span> 
     </span>
     <span class='ocr_line' id='line_1_15' title="bbox 788 1939 2298 2031; baseline 0.001 -29"><span class='ocrx_word' id='word_1_83' title='bbox 788 1941 974 2003; x_wconf 87' lang='lat' dir='ltr'><strong>credi</strong></span> <span class='ocrx_word' id='word_1_84' title='bbox 1010 1939 1252 2004; x_wconf 78' lang='lat' dir='ltr'><strong>voluit.</strong></span> <span class='ocrx_word' id='word_1_85' title='bbox 1353 1941 1681 2031; x_wconf 61' lang='lat' dir='ltr'><strong>Sex-ibitur</strong></span> <span class='ocrx_word' id='word_1_86' title='bbox 1722 1940 2129 2004; x_wconf 88' lang='lat' dir='ltr'><strong>FOSTLVS</strong></span> <span class='ocrx_word' id='word_1_87' title='bbox 2174 1959 2298 2024; x_wconf 86' lang='lat' dir='ltr'><strong>pro</strong></span> 
     </span>
     <span class='ocr_line' id='line_1_16' title="bbox 788 2035 2304 2119; baseline -0.003 -19"><span class='ocrx_word' id='word_1_88' title='bbox 788 2036 1347 2106; x_wconf 82' lang='lat' dir='ltr'><strong>FAVSTVLVS.</strong></span> <span class='ocrx_word' id='word_1_89' title='bbox 1450 2036 1692 2100; x_wconf 80' lang='lat' dir='ltr'><strong>Paullo</strong></span> <span class='ocrx_word' id='word_1_90' title='bbox 1725 2036 1925 2119; x_wconf 84' lang='lat' dir='ltr'><strong>supra</strong></span> <span class='ocrx_word' id='word_1_91' title='bbox 1964 2035 2036 2097; x_wconf 87' lang='lat' dir='ltr'><strong>in</strong></span> <span class='ocrx_word' id='word_1_92' title='bbox 2072 2035 2304 2104; x_wconf 82' lang='lat' dir='ltr'><strong>Plotia</strong></span> 
     </span>
     <span class='ocr_line' id='line_1_17' title="bbox 730 2131 2302 2215; baseline 0 -21"><span class='ocrx_word' id='word_1_93' title='bbox 730 2145 741 2162; x_wconf 88' lang='lat'><strong>·</strong></span> <span class='ocrx_word' id='word_1_94' title='bbox 789 2132 1250 2194; x_wconf 68' lang='lat' dir='ltr'><strong>vidimu3.AV</strong></span> <span class='ocrx_word' id='word_1_95' title='bbox 1293 2144 1359 2192; x_wconf 87' lang='lat' dir='ltr'><strong>et</strong></span> <span class='ocrx_word' id='word_1_96' title='bbox 1402 2131 1465 2192; x_wconf 93' lang='lat' dir='ltr'>O</span> <span class='ocrx_word' id='word_1_97' title='bbox 1516 2143 1948 2215; x_wconf 85' lang='lat' dir='ltr'><strong>permutata,</strong></span> <span class='ocrx_word' id='word_1_98' title='bbox 2000 2133 2210 2195; x_wconf 84' lang='lat' dir='ltr'><strong>etiam</strong></span> <span class='ocrx_word' id='word_1_99' title='bbox 2239 2133 2302 2194; x_wconf 89' lang='lat' dir='ltr'>V</span> 
     </span>
     <span class='ocr_line' id='line_1_18' title="bbox 789 2224 2300 2308; baseline 0.003 -22"><span class='ocrx_word' id='word_1_100' title='bbox 789 2224 1054 2308; x_wconf 85' lang='lat' dir='ltr'><strong>saepius</strong></span> <span class='ocrx_word' id='word_1_101' title='bbox 1098 2225 1433 2287; x_wconf 84' lang='lat' dir='ltr'><strong>extrusum</strong></span> <span class='ocrx_word' id='word_1_102' title='bbox 1465 2272 1485 2302; x_wconf 92' lang='lat'><strong>,</strong></span> <span class='ocrx_word' id='word_1_103' title='bbox 1538 2225 1621 2288; x_wconf 84' lang='lat' dir='ltr'><strong>fic</strong></span> <span class='ocrx_word' id='word_1_104' title='bbox 1656 2224 1898 2290; x_wconf 75' lang='lat' dir='ltr'><strong>vincula</strong></span> <span class='ocrx_word' id='word_1_105' title='bbox 1934 2229 2023 2289; x_wconf 79' lang='lat' dir='ltr'><strong>et&#39;</strong></span> <span class='ocrx_word' id='word_1_106' title='bbox 2052 2226 2300 2303; x_wconf 76' lang='lat' dir='ltr'><strong>vincla,</strong></span> 
     </span>
     <span class='ocr_line' id='line_1_19' title="bbox 788 2317 2301 2406; baseline 0 -20"><span class='ocrx_word' id='word_1_107' title='bbox 788 2317 1095 2386; x_wconf 68' lang='lat' dir='ltr'><strong>Proculus</strong></span> <span class='ocrx_word' id='word_1_108' title='bbox 1145 2332 1211 2382; x_wconf 93' lang='lat' dir='ltr'><strong>et</strong></span> <span class='ocrx_word' id='word_1_109' title='bbox 1245 2322 1550 2400; x_wconf 78' lang='lat' dir='ltr'><strong>Proetus,</strong></span> <span class='ocrx_word' id='word_1_110' title='bbox 1613 2320 1956 2406; x_wconf 56' lang='lat' dir='ltr'><strong>Alcumena</strong></span> <span class='ocrx_word' id='word_1_111' title='bbox 2014 2333 2082 2385; x_wconf 87' lang='lat' dir='ltr'><strong>et</strong></span> <span class='ocrx_word' id='word_1_112' title='bbox 2141 2320 2301 2388; x_wconf 67' lang='lat' dir='ltr'><em>Alc-</em></span> 
     </span>
    </p>
   </div>
   <div class='ocr_carea' id='block_1_3' title="bbox 782 2559 2300 4205">
    <p class='ocr_par' dir='ltr' id='par_1_4' title="bbox 783 2559 2300 3263">
     <span class='ocr_line' id='line_1_20' title="bbox 886 2559 1380 2593; baseline 0.002 -1"><span class='ocrx_word' id='word_1_113' title='bbox 886 2573 893 2580; x_wconf 93' lang='lat'><strong>·</strong></span> <span class='ocrx_word' id='word_1_114' title='bbox 1346 2559 1380 2593; x_wconf 74' lang='grc' dir='ltr'><strong><em>ο</em></strong></span> 
     </span>
     <span class='ocr_line' id='line_1_21' title="bbox 783 2606 1090 2690; baseline -0.007 -19"><span class='ocrx_word' id='word_1_115' title='bbox 783 2606 1090 2690; x_wconf 68' lang='lat' dir='ltr'><strong>Magnus.</strong></span> 
     </span>
     <span class='ocr_line' id='line_1_22' title="bbox 796 2698 2299 2787; baseline 0.003 -26"><span class='ocrx_word' id='word_1_116' title='bbox 796 2752 805 2761; x_wconf 90' lang='lat'><strong>.</strong></span> <span class='ocrx_word' id='word_1_117' title='bbox 889 2698 1010 2769; x_wconf 89' lang='lat' dir='ltr'><strong>Cn.</strong></span> <span class='ocrx_word' id='word_1_118' title='bbox 1053 2703 1425 2787; x_wconf 64' lang='lat' dir='ltr'><strong>Pompeius</strong></span> <span class='ocrx_word' id='word_1_119' title='bbox 1461 2715 1657 2766; x_wconf 84' lang='lat' dir='ltr'><strong>natus</strong></span> <span class='ocrx_word' id='word_1_120' title='bbox 1702 2703 1985 2778; x_wconf 82' lang='lat' dir='ltr'><strong>eodem,</strong></span> <span class='ocrx_word' id='word_1_121' title='bbox 2039 2721 2175 2785; x_wconf 92' lang='lat' dir='ltr'><strong>quo</strong></span> <span class='ocrx_word' id='word_1_122' title='bbox 2201 2703 2299 2765; x_wconf 89' lang='lat' dir='ltr'><strong>M.</strong></span> 
     </span>
     <span class='ocr_line' id='line_1_23' title="bbox 790 2795 2299 2881; baseline 0.002 -23"><span class='ocrx_word' id='word_1_123' title='bbox 790 2796 1058 2871; x_wconf 81' lang='lat' dir='ltr'><strong>Tullius</strong></span> <span class='ocrx_word' id='word_1_124' title='bbox 1094 2818 1272 2861; x_wconf 85' lang='lat' dir='ltr'><strong>anno</strong></span> <span class='ocrx_word' id='word_1_125' title='bbox 1303 2801 1383 2860; x_wconf 88' lang='lat' dir='ltr'><strong>V.</strong></span> <span class='ocrx_word' id='word_1_126' title='bbox 1424 2797 1501 2862; x_wconf 91' lang='lat' dir='ltr'><strong>C.</strong></span> <span class='ocrx_word' id='word_1_127' title='bbox 1542 2801 1676 2870; x_wconf 86' lang='grc'><strong>648</strong></span> <span class='ocrx_word' id='word_1_128' title='bbox 1712 2810 1907 2881; x_wconf 87' lang='lat' dir='ltr'><strong>patre</strong></span> <span class='ocrx_word' id='word_1_129' title='bbox 1943 2795 2063 2859; x_wconf 84' lang='lat' dir='ltr'><strong>Cn.</strong></span> <span class='ocrx_word' id='word_1_130' title='bbox 2093 2799 2299 2861; x_wconf 85' lang='lat' dir='ltr'><strong>Pom-</strong></span> 
     </span>
     <span class='ocr_line' id='line_1_24' title="bbox 786 2892 2299 2977; baseline 0.004 -26"><span class='ocrx_word' id='word_1_131' title='bbox 786 2894 941 2974; x_wconf 84' lang='lat' dir='ltr'><strong>pejo</strong></span> <span class='ocrx_word' id='word_1_132' title='bbox 996 2892 1326 2977; x_wconf 79' lang='lat' dir='ltr'><strong>Strabone</strong></span> <span class='ocrx_word' id='word_1_133' title='bbox 1350 2938 1368 2968; x_wconf 90' lang='lat'><strong>,</strong></span> <span class='ocrx_word' id='word_1_134' title='bbox 1422 2896 1605 2970; x_wconf 82' lang='lat' dir='ltr'><strong>cujus</strong></span> <span class='ocrx_word' id='word_1_135' title='bbox 1639 2893 1891 2957; x_wconf 85' lang='lat' dir='ltr'><strong>exitnia</strong></span> <span class='ocrx_word' id='word_1_136' title='bbox 1924 2892 2137 2953; x_wconf 82' lang='lat' dir='ltr'><strong>virtus</strong></span> <span class='ocrx_word' id='word_1_137' title='bbox 2162 2892 2299 2957; x_wconf 91' lang='lat' dir='ltr'><strong>bel-</strong></span> 
     </span>
     <span class='ocr_line' id='line_1_25' title="bbox 784 2983 2300 3049; baseline 0.002 -3"><span class='ocrx_word' id='word_1_138' title='bbox 784 2983 855 3049; x_wconf 80' lang='lat' dir='ltr'><strong>lo</strong></span> <span class='ocrx_word' id='word_1_139' title='bbox 896 2985 1125 3046; x_wconf 88' lang='lat' dir='ltr'><strong>sociali</strong></span> <span class='ocrx_word' id='word_1_140' title='bbox 1160 2987 1422 3047; x_wconf 78' lang='lat' dir='ltr'><strong>enituit.</strong></span> <span class='ocrx_word' id='word_1_141' title='bbox 1518 2986 1596 3047; x_wconf 84' lang='lat' dir='ltr'><strong>In</strong></span> <span class='ocrx_word' id='word_1_142' title='bbox 1637 2985 1911 3049; x_wconf 79' lang='lat' dir='ltr'><strong>diffensu</strong></span> <span class='ocrx_word' id='word_1_143' title='bbox 1949 2985 2133 3047; x_wconf 83' lang='lat' dir='ltr'><strong>civili</strong></span> <span class='ocrx_word' id='word_1_144' title='bbox 2157 2986 2300 3049; x_wconf 87' lang='lat' dir='ltr'><strong>Sul·</strong></span> 
     </span>
     <span class='ocr_line' id='line_1_26' title="bbox 787 3076 2298 3163; baseline 0.004 -25"><span class='ocrx_word' id='word_1_145' title='bbox 787 3077 897 3149; x_wconf 76' lang='lat' dir='ltr'><strong>lae</strong></span> <span class='ocrx_word' id='word_1_146' title='bbox 951 3090 1017 3138; x_wconf 90' lang='lat' dir='ltr'><strong>et</strong></span> <span class='ocrx_word' id='word_1_147' title='bbox 1067 3079 1320 3155; x_wconf 89' lang='lat' dir='ltr'><strong>Marii,</strong></span> <span class='ocrx_word' id='word_1_148' title='bbox 1386 3076 1566 3141; x_wconf 86' lang='lat' dir='ltr'><strong>illius</strong></span> <span class='ocrx_word' id='word_1_149' title='bbox 1608 3091 1873 3161; x_wconf 74' lang='lat' dir='ltr'><strong>‚partes</strong></span> <span class='ocrx_word' id='word_1_150' title='bbox 1940 3080 2298 3163; x_wconf 77' lang='lat' dir='ltr'><strong>amplexus</strong></span> 
     </span>
     <span class='ocr_line' id='line_1_27' title="bbox 785 3170 2296 3263; baseline 0.003 -30"><span class='ocrx_word' id='word_1_151' title='bbox 785 3170 1213 3255; x_wconf 85' lang='lat' dir='ltr'><strong>praeclaram</strong></span> <span class='ocrx_word' id='word_1_152' title='bbox 1291 3172 1519 3263; x_wconf 57' lang='lat' dir='ltr'><strong>Stulae</strong></span> <span class='ocrx_word' id='word_1_153' title='bbox 1611 3193 1893 3255; x_wconf 80' lang='lat' dir='ltr'><strong>operam</strong></span> <span class='ocrx_word' id='word_1_154' title='bbox 1973 3177 2296 3255; x_wconf 74' lang='lat' dir='ltr'><strong>navavit,</strong></span> 
     </span>
    </p>

    <p class='ocr_par' dir='ltr' id='par_1_5' title="bbox 787 3267 2294 3355">
     <span class='ocr_line' id='line_1_28' title="bbox 787 3267 2294 3355; baseline 0.003 -27"><span class='ocrx_word' id='word_1_155' title='bbox 787 3267 963 3329; x_wconf 90' lang='lat' dir='ltr'><strong>adeo</strong></span> <span class='ocrx_word' id='word_1_156' title='bbox 995 3267 1127 3330; x_wconf 82' lang='lat' dir='ltr'><strong>hoc</strong></span> <span class='ocrx_word' id='word_1_157' title='bbox 1152 3268 1593 3333; x_wconf 85' lang='lat' dir='ltr'><strong>adolescentis</strong></span> <span class='ocrx_word' id='word_1_158' title='bbox 1626 3268 1945 3335; x_wconf 71' lang='lat' dir='ltr'><strong>virtutem</strong></span> <span class='ocrx_word' id='word_1_159' title='bbox 1981 3270 2294 3355; x_wconf 80' lang='lat' dir='ltr'><strong>mirante,</strong></span> 
     </span>
    </p>

    <p class='ocr_par' dir='ltr' id='par_1_6' title="bbox 788 3365 2298 3639">
     <span class='ocr_line' id='line_1_29' title="bbox 789 3365 2296 3450; baseline 0.004 -27"><span class='ocrx_word' id='word_1_160' title='bbox 789 3374 865 3423; x_wconf 86' lang='lat' dir='ltr'><strong>ut</strong></span> <span class='ocrx_word' id='word_1_161' title='bbox 895 3382 1107 3428; x_wconf 80' lang='lat' dir='ltr'><strong>annos</strong></span> <span class='ocrx_word' id='word_1_162' title='bbox 1152 3376 1389 3429; x_wconf 88' lang='lat' dir='ltr'><strong>natum</strong></span> <span class='ocrx_word' id='word_1_163' title='bbox 1408 3365 1655 3430; x_wconf 87' lang='lat' dir='ltr'><strong>XXIII.</strong></span> <span class='ocrx_word' id='word_1_164' title='bbox 1695 3367 2134 3446; x_wconf 72' lang='lat' dir='ltr'><strong>imperatorem</strong></span> <span class='ocrx_word' id='word_1_165' title='bbox 2161 3367 2296 3450; x_wconf 81' lang='lat' dir='ltr'><strong>ipse</strong></span> 
     </span>
     <span class='ocr_line' id='line_1_30' title="bbox 789 3456 2298 3543; baseline 0.001 -20"><span class='ocrx_word' id='word_1_166' title='bbox 789 3456 1137 3525; x_wconf 78' lang='lat' dir='ltr'><strong>salutaret..</strong></span> <span class='ocrx_word' id='word_1_167' title='bbox 1260 3459 1376 3524; x_wconf 77' lang='lat' dir='ltr'><strong>Ah</strong></span> <span class='ocrx_word' id='word_1_168' title='bbox 1405 3462 1650 3524; x_wconf 87' lang='lat' dir='ltr'><strong>eodem</strong></span> <span class='ocrx_word' id='word_1_169' title='bbox 1713 3458 1947 3542; x_wconf 86' lang='lat' dir='ltr'><strong>paullo</strong></span> <span class='ocrx_word' id='word_1_170' title='bbox 2009 3458 2155 3543; x_wconf 83' lang='lat' dir='ltr'><strong>post</strong></span> <span class='ocrx_word' id='word_1_171' title='bbox 2227 3463 2298 3525; x_wconf 91' lang='lat' dir='ltr'><strong>in</strong></span> 
     </span>
     <span class='ocr_line' id='line_1_31' title="bbox 788 3551 2297 3639; baseline 0.002 -23"><span class='ocrx_word' id='word_1_172' title='bbox 788 3551 1099 3619; x_wconf 83' lang='lat' dir='ltr'><strong>Africam</strong></span> <span class='ocrx_word' id='word_1_173' title='bbox 1131 3556 1351 3620; x_wconf 80' lang='lat' dir='ltr'><strong>miss&#39;us</strong></span> <span class='ocrx_word' id='word_1_174' title='bbox 1380 3606 1403 3639; x_wconf 90' lang='lat'>‚</span> <span class='ocrx_word' id='word_1_175' title='bbox 1457 3569 1530 3618; x_wconf 90' lang='lat' dir='ltr'><strong>ut</strong></span> <span class='ocrx_word' id='word_1_176' title='bbox 1567 3555 1687 3625; x_wconf 88' lang='lat' dir='ltr'><strong>Cn.</strong></span> <span class='ocrx_word' id='word_1_177' title='bbox 1708 3553 2090 3619; x_wconf 87' lang='lat' dir='ltr'><strong>Domitium</strong></span> <span class='ocrx_word' id='word_1_178' title='bbox 2122 3556 2297 3619; x_wconf 86' lang='lat' dir='ltr'><strong>Ahe-</strong></span> 
     </span>
    </p>

    <p class='ocr_par' dir='ltr' id='par_1_7' title="bbox 785 3646 2297 3831">
     <span class='ocr_line' id='line_1_32' title="bbox 785 3646 2297 3735; baseline 0.004 -26"><span class='ocrx_word' id='word_1_179' title='bbox 785 3646 1169 3723; x_wconf 75' lang='lat' dir='ltr'><strong>nobarbum</strong></span> <span class='ocrx_word' id='word_1_180' title='bbox 1206 3653 1301 3714; x_wconf 88' lang='lat' dir='ltr'><strong>ad</strong></span> <span class='ocrx_word' id='word_1_181' title='bbox 1333 3650 1729 3734; x_wconf 79' lang='lat' dir='ltr'><strong>obsequium</strong></span> <span class='ocrx_word' id='word_1_182' title='bbox 1771 3653 2297 3735; x_wconf 71' lang='lat' dir='ltr'><strong>revocaret„qu-i</strong></span> 
     </span>
     <span class='ocr_line' id='line_1_33' title="bbox 787 3744 2295 3831; baseline 0.003 -27"><span class='ocrx_word' id='word_1_183' title='bbox 787 3760 957 3818; x_wconf 73' lang='lat' dir='ltr'><strong>unus</strong></span> <span class='ocrx_word' id='word_1_184' title='bbox 989 3764 1079 3805; x_wconf 83' lang='lat' dir='ltr'><strong>ex</strong></span> <span class='ocrx_word' id='word_1_185' title='bbox 1112 3745 1495 3831; x_wconf 82' lang='lat' dir='ltr'><strong>proscriptis</strong></span> <span class='ocrx_word' id='word_1_186' title='bbox 1526 3750 1734 3810; x_wconf 80' lang='lat' dir='ltr'><strong>armis</strong></span> <span class='ocrx_word' id='word_1_187' title='bbox 1779 3744 1909 3807; x_wconf 86' lang='lat' dir='ltr'><strong>sese</strong></span> <span class='ocrx_word' id='word_1_188' title='bbox 1955 3745 2126 3809; x_wconf 77' lang='lat' dir='ltr'><strong>tueri</strong></span> <span class='ocrx_word' id='word_1_189' title='bbox 2190 3749 2295 3809; x_wconf 87' lang='lat' dir='ltr'><strong>in-</strong></span> 
     </span>
    </p>

    <p class='ocr_par' dir='ltr' id='par_1_8' title="bbox 782 3838 2298 4205">
     <span class='ocr_line' id='line_1_34' title="bbox 782 3838 2298 3915; baseline 0.002 -12"><span class='ocrx_word' id='word_1_190' title='bbox 782 3839 1095 3903; x_wconf 79' lang='lat' dir='ltr'><strong>tenderat</strong></span> <span class='ocrx_word' id='word_1_191' title='bbox 1128 3882 1160 3915; x_wconf 79' lang='lat'><strong>,</strong></span> <span class='ocrx_word' id='word_1_192' title='bbox 1206 3839 1519 3905; x_wconf 85' lang='lat' dir='ltr'><strong>confecto</strong></span> <span class='ocrx_word' id='word_1_193' title='bbox 1554 3840 1843 3906; x_wconf 77' lang='lat' dir='ltr'><strong>feliciter</strong></span> <span class='ocrx_word' id='word_1_194' title='bbox 1866 3838 2046 3903; x_wconf 87' lang='lat' dir='ltr'><strong>bello</strong></span> <span class='ocrx_word' id='word_1_195' title='bbox 2081 3841 2298 3905; x_wconf 80' lang='lat' dir='ltr'><strong>redux</strong></span> 
     </span>
     <span class='ocr_line' id='line_1_35' title="bbox 788 3934 2297 4019; baseline 0.003 -25"><span class='ocrx_word' id='word_1_196' title='bbox 788 3935 1108 3995; x_wconf 86' lang='lat' dir='ltr'><strong>maximis</strong></span> <span class='ocrx_word' id='word_1_197' title='bbox 1142 3954 1187 3997; x_wconf 88' lang='lat' dir='ltr'><strong>a</strong></span> <span class='ocrx_word' id='word_1_198' title='bbox 1207 3934 1394 3998; x_wconf 89' lang='lat' dir='ltr'><strong>Sulla</strong></span> <span class='ocrx_word' id='word_1_199' title='bbox 1426 3948 1493 3999; x_wconf 88' lang='lat' dir='ltr'><strong>et</strong></span> <span class='ocrx_word' id='word_1_200' title='bbox 1521 3936 1826 4001; x_wconf 81' lang='lat' dir='ltr'><strong>universo</strong></span> <span class='ocrx_word' id='word_1_201' title='bbox 1855 3934 2115 4019; x_wconf 86' lang='lat' dir='ltr'><strong>populo</strong></span> <span class='ocrx_word' id='word_1_202' title='bbox 2152 3936 2297 3998; x_wconf 82' lang='lat' dir='ltr'><strong>lau·</strong></span> 
     </span>
     <span class='ocr_line' id='line_1_36' title="bbox 787 4027 2298 4117; baseline 0.001 -28"><span class='ocrx_word' id='word_1_203' title='bbox 787 4027 986 4091; x_wconf 84' lang='lat' dir='ltr'><strong>dibus</strong></span> <span class='ocrx_word' id='word_1_204' title='bbox 1024 4029 1240 4093; x_wconf 83' lang='lat' dir='ltr'><strong>elatus</strong></span> <span class='ocrx_word' id='word_1_205' title='bbox 1279 4028 1386 4092; x_wconf 77' lang='lat' dir='ltr'><strong>est.</strong></span> <span class='ocrx_word' id='word_1_206' title='bbox 1483 4030 1790 4117; x_wconf 84' lang='lat' dir='ltr'><strong>Longum</strong></span> <span class='ocrx_word' id='word_1_207' title='bbox 1830 4028 1986 4091; x_wconf 82' lang='lat' dir='ltr'><strong>ess&#39;et</strong></span> <span class='ocrx_word' id='word_1_208' title='bbox 2018 4029 2298 4106; x_wconf 84' lang='lat' dir='ltr'><strong>referre,</strong></span> 
     </span>
     <span class='ocr_line' id='line_1_37' title="bbox 791 4122 2294 4205; baseline 0.001 -21"><span class='ocrx_word' id='word_1_209' title='bbox 791 4127 1059 4205; x_wconf 83' lang='lat' dir='ltr'><strong>quantis</strong></span> <span class='ocrx_word' id='word_1_210' title='bbox 1099 4124 1370 4188; x_wconf 86' lang='lat' dir='ltr'><strong>subinde</strong></span> <span class='ocrx_word' id='word_1_211' title='bbox 1402 4126 1896 4190; x_wconf 79' lang='lat' dir='ltr'><strong>accessionibus</strong></span> <span class='ocrx_word' id='word_1_212' title='bbox 1914 4122 2039 4202; x_wconf 62' lang='lat' dir='ltr'><strong>lias</strong></span> <span class='ocrx_word' id='word_1_213' title='bbox 2062 4122 2294 4187; x_wconf 87' lang='lat' dir='ltr'><strong>famae</strong></span> 
     </span>
    </p>
   </div>
   <div class='ocr_carea' id='block_1_4' title="bbox 2019 477 2746 581">
    <p class='ocr_par' dir='ltr' id='par_1_9' title="bbox 2019 477 2746 581">
     <span class='ocr_line' id='line_1_38' title="bbox 2019 477 2746 581; baseline -0.004 -2"><span class='ocrx_word' id='word_1_214' title='bbox 2019 477 2649 581; x_wconf 76' lang='grc' dir='ltr'><strong>ΡοΜΡιιιᾹ.</strong></span> <span class='ocrx_word' id='word_1_215' title='bbox 2733 562 2746 576; x_wconf 92' lang='grc'><em>.</em></span> 
     </span>
    </p>
   </div>
   <div class='ocr_carea' id='block_1_5' title="bbox 2374 699 4038 3270">
    <p class='ocr_par' dir='ltr' id='par_1_10' title="bbox 2376 699 4038 1071">
     <span class='ocr_line' id='line_1_39' title="bbox 2379 699 4038 790; baseline 0.002 -24"><span class='ocrx_word' id='word_1_216' title='bbox 2379 700 2604 778; x_wconf 71' lang='lat' dir='ltr'><strong>toi-io,</strong></span> <span class='ocrx_word' id='word_1_217' title='bbox 2653 700 2931 787; x_wconf 85' lang='lat' dir='ltr'><strong>piratis,</strong></span> <span class='ocrx_word' id='word_1_218' title='bbox 2984 699 3407 784; x_wconf 75' lang='lat' dir='ltr'><strong>Mithridate,</strong></span> <span class='ocrx_word' id='word_1_219' title='bbox 3455 703 3794 790; x_wconf 81' lang='lat' dir='ltr'><strong>Tigrane</strong></span> <span class='ocrx_word' id='word_1_220' title='bbox 3823 706 3934 769; x_wconf 81' lang='lat' dir='ltr'><strong>in·</strong></span> <span class='ocrx_word' id='word_1_221' title='bbox 4037 713 4038 746; x_wconf 64' lang='lat'><strong>³</strong></span> 
     </span>
     <span class='ocr_line' id='line_1_40' title="bbox 2381 797 3936 885; baseline 0.002 -25"><span class='ocrx_word' id='word_1_222' title='bbox 2381 797 2692 860; x_wconf 86' lang='lat' dir='ltr'><strong>credibili</strong></span> <span class='ocrx_word' id='word_1_223' title='bbox 2744 799 2994 861; x_wconf 77' lang='lat' dir='ltr'><strong>virtute</strong></span> <span class='ocrx_word' id='word_1_224' title='bbox 3048 799 3332 863; x_wconf 78' lang='lat' dir='ltr'><strong>devictis</strong></span> <span class='ocrx_word' id='word_1_225' title='bbox 3360 844 3381 875; x_wconf 87' lang='lat'><strong>,</strong></span> <span class='ocrx_word' id='word_1_226' title='bbox 3465 800 3936 885; x_wconf 79' lang='lat' dir='ltr'><strong>prolatisque</strong></span> 
     </span>
     <span class='ocr_line' id='line_1_41' title="bbox 2377 881 3926 979; baseline 0.005 -26"><span class='ocrx_word' id='word_1_227' title='bbox 2377 885 2647 976; x_wconf 80' lang='lat' dir='ltr'><strong>imperii</strong></span> <span class='ocrx_word' id='word_1_228' title='bbox 2683 892 2964 970; x_wconf 85' lang='lat' dir='ltr'><strong>finibus,</strong></span> <span class='ocrx_word' id='word_1_229' title='bbox 3018 889 3189 957; x_wconf 85' lang='lat' dir='ltr'><strong>felix</strong></span> <span class='ocrx_word' id='word_1_230' title='bbox 3245 881 3715 979; x_wconf 83' lang='lat' dir='ltr'><strong>undequaque</strong></span> <span class='ocrx_word' id='word_1_231' title='bbox 3759 916 3926 959; x_wconf 80' lang='lat' dir='ltr'><strong>cnm</strong></span> 
     </span>
     <span class='ocr_line' id='line_1_42' title="bbox 2376 989 3920 1072; baseline 0.005 -24"><span class='ocrx_word' id='word_1_232' title='bbox 2376 989 2662 1071; x_wconf 89' lang='lat' dir='ltr'><strong>propria</strong></span> <span class='ocrx_word' id='word_1_233' title='bbox 2697 989 2966 1063; x_wconf 82' lang='lat' dir='ltr'><strong>virtute,</strong></span> <span class='ocrx_word' id='word_1_234' title='bbox 3021 1007 3421 1072; x_wconf 86' lang='lat' dir='ltr'><strong>morumque</strong></span> <span class='ocrx_word' id='word_1_235' title='bbox 3452 993 3920 1055; x_wconf 83' lang='lat' dir='ltr'><strong>commenda-</strong></span> 
     </span>
    </p>

    <p class='ocr_par' dir='ltr' id='par_1_11' title="bbox 2379 1081 3924 1266">
     <span class='ocr_line' id='line_1_43' title="bbox 2379 1081 3924 1171; baseline 0.005 -27"><span class='ocrx_word' id='word_1_236' title='bbox 2379 1082 2619 1159; x_wconf 85' lang='lat' dir='ltr'><strong>tione,</strong></span> <span class='ocrx_word' id='word_1_237' title='bbox 2667 1093 2810 1145; x_wconf 89' lang='lat' dir='ltr'><strong>tum</strong></span> <span class='ocrx_word' id='word_1_238' title='bbox 2867 1081 3176 1168; x_wconf 76' lang='lat' dir='ltr'><strong>singulari</strong></span> <span class='ocrx_word' id='word_1_239' title='bbox 3225 1084 3433 1148; x_wconf 87' lang='lat' dir='ltr'><strong>totius</strong></span> <span class='ocrx_word' id='word_1_240' title='bbox 3495 1087 3796 1171; x_wconf 79' lang='lat' dir='ltr'><strong>imperii</strong></span> <span class='ocrx_word' id='word_1_241' title='bbox 3854 1088 3924 1150; x_wconf 87' lang='lat' dir='ltr'><strong>in</strong></span> 
     </span>
     <span class='ocr_line' id='line_1_44' title="bbox 2379 1173 3918 1266; baseline 0.001 -22"><span class='ocrx_word' id='word_1_242' title='bbox 2379 1197 2534 1244; x_wconf 72' lang='lat' dir='ltr'><strong>cuni</strong></span> <span class='ocrx_word' id='word_1_243' title='bbox 2573 1176 2888 1254; x_wconf 82' lang='lat' dir='ltr'><strong>adfectu,</strong></span> <span class='ocrx_word' id='word_1_244' title='bbox 2939 1189 3014 1240; x_wconf 87' lang='lat' dir='ltr'><strong>at</strong></span> <span class='ocrx_word' id='word_1_245' title='bbox 3044 1197 3129 1240; x_wconf 90' lang='lat' dir='ltr'><strong>eo</strong></span> <span class='ocrx_word' id='word_1_246' title='bbox 3168 1176 3449 1255; x_wconf 82' lang='lat' dir='ltr'><strong>infelix,</strong></span> <span class='ocrx_word' id='word_1_247' title='bbox 3505 1173 3706 1262; x_wconf 78' lang='lat' dir='ltr'><strong>quod</strong></span> <span class='ocrx_word' id='word_1_248' title='bbox 3773 1183 3918 1266; x_wconf 87' lang='lat' dir='ltr'><strong>glo·</strong></span> 
     </span>
    </p>

    <p class='ocr_par' dir='ltr' id='par_1_12' title="bbox 2375 1259 3918 1456">
     <span class='ocr_line' id='line_1_45' title="bbox 2375 1259 3918 1354; baseline 0.005 -22"><span class='ocrx_word' id='word_1_249' title='bbox 2375 1272 2521 1334; x_wconf 87' lang='lat' dir='ltr'><strong>riae</strong></span> <span class='ocrx_word' id='word_1_250' title='bbox 2562 1259 2904 1340; x_wconf 83' lang='lat' dir='ltr'><strong>aemulum</strong></span> <span class='ocrx_word' id='word_1_251' title='bbox 2937 1285 3172 1338; x_wconf 85' lang='lat' dir='ltr'><strong>nactus</strong></span> <span class='ocrx_word' id='word_1_252' title='bbox 3205 1271 3294 1335; x_wconf 85' lang='lat' dir='ltr'><strong>est</strong></span> <span class='ocrx_word' id='word_1_253' title='bbox 3323 1272 3722 1354; x_wconf 81' lang='lat' dir='ltr'><strong>Caesarem,</strong></span> <span class='ocrx_word' id='word_1_254' title='bbox 3757 1297 3918 1339; x_wconf 85' lang='lat' dir='ltr'><strong>cum</strong></span> 
     </span>
     <span class='ocr_line' id='line_1_46' title="bbox 2381 1349 3917 1456; baseline 0.005 -28"><span class='ocrx_word' id='word_1_255' title='bbox 2381 1386 2518 1448; x_wconf 88' lang='lat' dir='ltr'><strong>quo</strong></span> <span class='ocrx_word' id='word_1_256' title='bbox 2557 1371 2780 1432; x_wconf 83' lang='lat' dir='ltr'><strong>minus</strong></span> <span class='ocrx_word' id='word_1_257' title='bbox 2814 1349 3024 1456; x_wconf 61' lang='lat' dir='ltr'><strong>reip„</strong></span> <span class='ocrx_word' id='word_1_258' title='bbox 3079 1387 3285 1452; x_wconf 80' lang='lat' dir='ltr'><strong>quam</strong></span> <span class='ocrx_word' id='word_1_259' title='bbox 3325 1368 3650 1434; x_wconf 76' lang='lat' dir='ltr'><strong>occultae</strong></span> <span class='ocrx_word' id='word_1_260' title='bbox 3684 1373 3917 1435; x_wconf 77' lang='lat' dir='ltr'><strong>ambi·</strong></span> 
     </span>
    </p>

    <p class='ocr_par' dir='ltr' id='par_1_13' title="bbox 2374 1461 3918 1548">
     <span class='ocr_line' id='line_1_47' title="bbox 2374 1461 3918 1548; baseline 0.005 -24"><span class='ocrx_word' id='word_1_261' title='bbox 2374 1464 2580 1530; x_wconf 72' lang='lat' dir='ltr'><strong>tionis</strong></span> <span class='ocrx_word' id='word_1_262' title='bbox 2624 1463 2824 1528; x_wconf 84' lang='lat' dir='ltr'><strong>causa</strong></span> <span class='ocrx_word' id='word_1_263' title='bbox 2858 1463 3122 1528; x_wconf 83' lang='lat' dir='ltr'><strong>collisus</strong></span> <span class='ocrx_word' id='word_1_264' title='bbox 3153 1461 3297 1548; x_wconf 77' lang='lat' dir='ltr'><strong>post</strong></span> <span class='ocrx_word' id='word_1_265' title='bbox 3347 1463 3618 1530; x_wconf 82' lang='lat' dir='ltr'><strong>cladem</strong></span> <span class='ocrx_word' id='word_1_266' title='bbox 3691 1467 3918 1531; x_wconf 77' lang='lat' dir='ltr'><strong>Phar·</strong></span> 
     </span>
    </p>

    <p class='ocr_par' dir='ltr' id='par_1_14' title="bbox 2379 1557 3918 2218">
     <span class='ocr_line' id='line_1_48' title="bbox 2379 1557 3914 1644; baseline 0.005 -26"><span class='ocrx_word' id='word_1_267' title='bbox 2379 1557 2654 1621; x_wconf 80' lang='lat' dir='ltr'><strong>[alicam</strong></span> <span class='ocrx_word' id='word_1_268' title='bbox 2695 1561 2951 1622; x_wconf 82' lang='lat' dir='ltr'><strong>exitum</strong></span> <span class='ocrx_word' id='word_1_269' title='bbox 2989 1561 3059 1622; x_wconf 92' lang='lat' dir='ltr'><strong>in</strong></span> <span class='ocrx_word' id='word_1_270' title='bbox 3099 1565 3460 1644; x_wconf 79' lang='lat' dir='ltr'><strong>Aegypto,</strong></span> <span class='ocrx_word' id='word_1_271' title='bbox 3537 1580 3683 1643; x_wconf 79' lang='lat' dir='ltr'><strong>quo</strong></span> <span class='ocrx_word' id='word_1_272' title='bbox 3745 1583 3914 1626; x_wconf 86' lang='lat' dir='ltr'><strong>con·</strong></span> 
     </span>
     <span class='ocr_line' id='line_1_49' title="bbox 2381 1650 3914 1739; baseline 0.005 -25"><span class='ocrx_word' id='word_1_273' title='bbox 2381 1650 2689 1737; x_wconf 75' lang='lat' dir='ltr'><strong>fugerat,</strong></span> <span class='ocrx_word' id='word_1_274' title='bbox 2741 1655 2991 1739; x_wconf 84' lang='lat' dir='ltr'><strong>reperit</strong></span> <span class='ocrx_word' id='word_1_275' title='bbox 3059 1653 3214 1739; x_wconf 82' lang='lat' dir='ltr'><strong>ipfis</strong></span> <span class='ocrx_word' id='word_1_276' title='bbox 3271 1652 3655 1718; x_wconf 75' lang='lat' dir='ltr'><strong>victoribus</strong></span> <span class='ocrx_word' id='word_1_277' title='bbox 3733 1658 3914 1721; x_wconf 82' lang='lat' dir='ltr'><strong>indi-</strong></span> 
     </span>
     <span class='ocr_line' id='line_1_50' title="bbox 2383 1747 3918 1834; baseline 0.005 -25"><span class='ocrx_word' id='word_1_278' title='bbox 2383 1747 2594 1832; x_wconf 75' lang='lat' dir='ltr'><strong>gnum&#39;</strong></span> <span class='ocrx_word' id='word_1_279' title='bbox 2627 1747 2839 1813; x_wconf 79' lang='lat' dir='ltr'><strong>visum</strong></span> <span class='ocrx_word' id='word_1_280' title='bbox 2866 1749 2910 1826; x_wconf 86' lang='lat'><strong>,’</strong></span> <span class='ocrx_word' id='word_1_281' title='bbox 2939 1760 3005 1811; x_wconf 87' lang='lat' dir='ltr'><strong>et</strong></span> <span class='ocrx_word' id='word_1_282' title='bbox 3044 1749 3226 1812; x_wconf 79' lang='lat' dir='ltr'><strong>seriis</strong></span> <span class='ocrx_word' id='word_1_283' title='bbox 3281 1748 3581 1834; x_wconf 68' lang='lat' dir='ltr'><strong>lacrimis</strong></span> <span class='ocrx_word' id='word_1_284' title='bbox 3615 1751 3918 1816; x_wconf 84' lang='lat' dir='ltr'><strong>decora-</strong></span> 
     </span>
     <span class='ocr_line' id='line_1_51' title="bbox 2380 1842 3914 1927; baseline 0.006 -23"><span class='ocrx_word' id='word_1_285' title='bbox 2380 1854 2525 1905; x_wconf 90' lang='lat' dir='ltr'><strong>tum</strong></span> <span class='ocrx_word' id='word_1_286' title='bbox 2561 1846 2646 1908; x_wconf 84' lang='lat' dir='ltr'><strong>V.</strong></span> <span class='ocrx_word' id='word_1_287' title='bbox 2671 1842 2747 1906; x_wconf 92' lang='lat' dir='ltr'><strong>C.</strong></span> <span class='ocrx_word' id='word_1_288' title='bbox 2779 1845 2914 1925; x_wconf 88' lang='lat'><strong>706</strong></span> <span class='ocrx_word' id='word_1_289' title='bbox 2935 1843 3240 1927; x_wconf 58' lang='lat' dir='ltr'><strong>,relictis</strong></span> <span class='ocrx_word' id='word_1_290' title='bbox 3271 1843 3451 1907; x_wconf 86' lang='lat' dir='ltr'><strong>binis</strong></span> <span class='ocrx_word' id='word_1_291' title='bbox 3474 1844 3639 1908; x_wconf 83' lang='lat' dir='ltr'><strong>filiis</strong></span> <span class='ocrx_word' id='word_1_292' title='bbox 3659 1846 3914 1912; x_wconf 78' lang='lat' dir='ltr'><strong>Gnaeo</strong></span> 
     </span>
     <span class='ocr_line' id='line_1_52' title="bbox 2385 1938 3916 2025; baseline 0.003 -23"><span class='ocrx_word' id='word_1_293' title='bbox 2385 1951 2451 2002; x_wconf 89' lang='lat' dir='ltr'><strong>et</strong></span> <span class='ocrx_word' id='word_1_294' title='bbox 2531 1938 2742 2003; x_wconf 84' lang='lat' dir='ltr'><strong>Sexto</strong></span> <span class='ocrx_word' id='word_1_295' title='bbox 2801 1939 3216 2004; x_wconf 76' lang='lat' dir='ltr'><strong>calamitatis</strong></span> <span class='ocrx_word' id='word_1_296' title='bbox 3279 1951 3612 2025; x_wconf 83' lang='lat' dir='ltr'><strong>paternae</strong></span> <span class='ocrx_word' id='word_1_297' title='bbox 3664 1941 3916 2006; x_wconf 79' lang='lat' dir='ltr'><strong>haere-</strong></span> 
     </span>
     <span class='ocr_line' id='line_1_53' title="bbox 2384 2033 3918 2117; baseline 0.003 -17"><span class='ocrx_word' id='word_1_298' title='bbox 2384 2034 2620 2110; x_wconf 86' lang='lat' dir='ltr'><strong>dibus,</strong></span> <span class='ocrx_word' id='word_1_299' title='bbox 2671 2036 2758 2097; x_wconf 88' lang='lat' dir='ltr'><strong>de</strong></span> <span class='ocrx_word' id='word_1_300' title='bbox 2817 2033 3063 2117; x_wconf 77' lang='lat' dir='ltr'><strong>quibus</strong></span> <span class='ocrx_word' id='word_1_301' title='bbox 3128 2052 3314 2099; x_wconf 81' lang='lat' dir='ltr'><strong>mox.</strong></span> <span class='ocrx_word' id='word_1_302' title='bbox 3459 2037 3646 2100; x_wconf 83' lang='lat' dir='ltr'><strong>Vide</strong></span> <span class='ocrx_word' id='word_1_303' title='bbox 3729 2035 3918 2104; x_wconf 79' lang='lat' dir='ltr'><strong>haec</strong></span> 
     </span>
     <span class='ocr_line' id='line_1_54' title="bbox 2381 2129 3916 2218; baseline 0.005 -26"><span class='ocrx_word' id='word_1_304' title='bbox 2381 2130 2626 2213; x_wconf 86' lang='lat' dir='ltr'><strong>passim</strong></span> <span class='ocrx_word' id='word_1_305' title='bbox 2675 2131 2743 2192; x_wconf 85' lang='lat' dir='ltr'><strong>in</strong></span> <span class='ocrx_word' id='word_1_306' title='bbox 2783 2131 2884 2193; x_wconf 89' lang='lat' dir='ltr'><strong>rei</strong></span> <span class='ocrx_word' id='word_1_307' title='bbox 2917 2131 3001 2193; x_wconf 92' lang='lat' dir='ltr'><strong>R.</strong></span> <span class='ocrx_word' id='word_1_308' title='bbox 3035 2129 3510 2215; x_wconf 81' lang='lat' dir='ltr'><strong>scriptoribus,</strong></span> <span class='ocrx_word' id='word_1_309' title='bbox 3565 2144 3646 2195; x_wconf 85' lang='lat' dir='ltr'><strong>at</strong></span> <span class='ocrx_word' id='word_1_310' title='bbox 3705 2154 3916 2218; x_wconf 80' lang='lat' dir='ltr'><strong>prae·</strong></span> 
     </span>
    </p>

    <p class='ocr_par' dir='ltr' id='par_1_15' title="bbox 2382 2224 3081 2310">
     <span class='ocr_line' id='line_1_55' title="bbox 2382 2224 3081 2310; baseline 0 -23"><span class='ocrx_word' id='word_1_311' title='bbox 2382 2225 2596 2310; x_wconf 85' lang='lat' dir='ltr'><strong>cipue</strong></span> <span class='ocrx_word' id='word_1_312' title='bbox 2619 2224 3081 2290; x_wconf 78' lang='lat' dir='ltr'><strong>Plutarchum.</strong></span> 
     </span>
    </p>

    <p class='ocr_par' dir='ltr' id='par_1_16' title="bbox 2378 2302 3919 3266">
     <span class='ocr_line' id='line_1_56' title="bbox 2475 2302 3916 2406; baseline 0.006 -24"><span class='ocrx_word' id='word_1_313' title='bbox 2475 2318 2778 2384; x_wconf 83' lang='lat' dir='ltr'><strong>MAGNI</strong></span> <span class='ocrx_word' id='word_1_314' title='bbox 2818 2339 3220 2406; x_wconf 76' lang='lat' dir='ltr'><strong>cognomen,</strong></span> <span class='ocrx_word' id='word_1_315' title='bbox 3267 2318 3314 2381; x_wconf 75' lang='lat' dir='ltr'><strong>st</strong></span> <span class='ocrx_word' id='word_1_316' title='bbox 3349 2302 3740 2386; x_wconf 72' lang='lat' dir='ltr'><strong>Plutarcho</strong></span> <span class='ocrx_word' id='word_1_317' title='bbox 3765 2342 3916 2389; x_wconf 78' lang='lat' dir='ltr'><strong>cre·</strong></span> 
     </span>
     <span class='ocr_line' id='line_1_57' title="bbox 2380 2412 3919 2498; baseline 0.003 -19"><span class='ocrx_word' id='word_1_318' title='bbox 2380 2416 2645 2492; x_wconf 85' lang='lat' dir='ltr'><strong>dimus,</strong></span> <span class='ocrx_word' id='word_1_319' title='bbox 2694 2417 2984 2498; x_wconf 84' lang='lat' dir='ltr'><strong>adeptus</strong></span> <span class='ocrx_word' id='word_1_320' title='bbox 3037 2412 3128 2480; x_wconf 80' lang='lat' dir='ltr'><strong>est</strong></span> <span class='ocrx_word' id='word_1_321' title='bbox 3178 2427 3443 2480; x_wconf 81' lang='lat' dir='ltr'><strong>mature</strong></span> <span class='ocrx_word' id='word_1_322' title='bbox 3515 2417 3919 2498; x_wconf 77' lang='lat' dir='ltr'><strong>admodum</strong></span> 
     </span>
     <span class='ocr_line' id='line_1_58' title="bbox 2380 2509 3916 2597; baseline 0.004 -25"><span class='ocrx_word' id='word_1_323' title='bbox 2380 2530 2720 2597; x_wconf 82' lang='lat' dir='ltr'><strong>praecone</strong></span> <span class='ocrx_word' id='word_1_324' title='bbox 2753 2511 2894 2595; x_wconf 87' lang='lat' dir='ltr'><strong>ipso</strong></span> <span class='ocrx_word' id='word_1_325' title='bbox 2929 2509 3160 2587; x_wconf 81' lang='lat' dir='ltr'><strong>Sulla,</strong></span> <span class='ocrx_word' id='word_1_326' title='bbox 3222 2511 3356 2573; x_wconf 79' lang='lat' dir='ltr'><strong>hoc</strong></span> <span class='ocrx_word' id='word_1_327' title='bbox 3403 2531 3566 2576; x_wconf 76' lang='lat' dir='ltr'><strong>eum</strong></span> <span class='ocrx_word' id='word_1_328' title='bbox 3616 2517 3916 2578; x_wconf 78' lang='lat' dir='ltr'><strong>nomine</strong></span> 
     </span>
     <span class='ocr_line' id='line_1_59' title="bbox 2383 2605 3914 2689; baseline 0.003 -20"><span class='ocrx_word' id='word_1_329' title='bbox 2383 2605 2880 2689; x_wconf 85' lang='lat' dir='ltr'><strong>compellante,</strong></span> <span class='ocrx_word' id='word_1_330' title='bbox 2930 2626 3086 2669; x_wconf 84' lang='lat' dir='ltr'><strong>cum</strong></span> <span class='ocrx_word' id='word_1_331' title='bbox 3127 2609 3316 2670; x_wconf 82' lang='lat' dir='ltr'><strong>victo</strong></span> <span class='ocrx_word' id='word_1_332' title='bbox 3352 2608 3426 2668; x_wconf 82' lang='lat' dir='ltr'><strong>in</strong></span> <span class='ocrx_word' id='word_1_333' title='bbox 3459 2605 3719 2672; x_wconf 77' lang='lat' dir='ltr'><strong>Africa</strong></span> <span class='ocrx_word' id='word_1_334' title='bbox 3765 2610 3914 2672; x_wconf 86' lang='lat' dir='ltr'><strong>Do·</strong></span> 
     </span>
     <span class='ocr_line' id='line_1_60' title="bbox 2381 2689 3918 2784; baseline 0.003 -19"><span class='ocrx_word' id='word_1_335' title='bbox 2381 2704 2575 2765; x_wconf 85' lang='lat' dir='ltr'><strong>mitio</strong></span> <span class='ocrx_word' id='word_1_336' title='bbox 2613 2702 2905 2773; x_wconf 85' lang='lat' dir='ltr'><strong>Romam</strong></span> <span class='ocrx_word' id='word_1_337' title='bbox 2950 2689 3249 2765; x_wconf 76' lang='lat' dir='ltr'><strong>reversus</strong></span> <span class='ocrx_word' id='word_1_338' title='bbox 3315 2698 3425 2765; x_wconf 78' lang='lat' dir='ltr'><strong>est.</strong></span> <span class='ocrx_word' id='word_1_339' title='bbox 3481 2700 3546 2784; x_wconf 78' lang='lat'><strong>⁸)</strong></span> <span class='ocrx_word' id='word_1_340' title='bbox 3656 2704 3750 2768; x_wconf 85' lang='lat' dir='ltr'><strong>In</strong></span> <span class='ocrx_word' id='word_1_341' title='bbox 3803 2726 3918 2769; x_wconf 81' lang='lat' dir='ltr'><strong>ea·</strong></span> 
     </span>
     <span class='ocr_line' id='line_1_61' title="bbox 2381 2785 3913 2877; baseline 0.003 -18"><span class='ocrx_word' id='word_1_342' title='bbox 2381 2798 2535 2863; x_wconf 84' lang='lat' dir='ltr'><strong>dem</strong></span> <span class='ocrx_word' id='word_1_343' title='bbox 2571 2798 2892 2861; x_wconf 88' lang='lat' dir='ltr'><strong>sententia</strong></span> <span class='ocrx_word' id='word_1_344' title='bbox 2923 2795 3054 2858; x_wconf 84' lang='lat' dir='ltr'><strong>fuit</strong></span> <span class='ocrx_word' id='word_1_345' title='bbox 3075 2798 3354 2863; x_wconf 82' lang='lat' dir='ltr'><strong>Plinius.</strong></span> <span class='ocrx_word' id='word_1_346' title='bbox 3401 2785 3464 2877; x_wconf 79' lang='lat' dir='ltr'><strong>b)</strong></span> <span class='ocrx_word' id='word_1_347' title='bbox 3515 2799 3666 2861; x_wconf 81' lang='lat' dir='ltr'><strong>Alii</strong></span> <span class='ocrx_word' id='word_1_348' title='bbox 3699 2800 3913 2864; x_wconf 83' lang='lat' dir='ltr'><strong>serius</strong></span> 
     </span>
     <span class='ocr_line' id='line_1_62' title="bbox 2381 2891 3914 2983; baseline 0.005 -30"><span class='ocrx_word' id='word_1_349' title='bbox 2381 2891 2463 2953; x_wconf 84' lang='lat' dir='ltr'><strong>fic</strong></span> <span class='ocrx_word' id='word_1_350' title='bbox 2505 2894 2985 2983; x_wconf 77' lang='lat' dir='ltr'><strong>compellatum</strong></span> <span class='ocrx_word' id='word_1_351' title='bbox 3027 2893 3338 2969; x_wconf 80' lang='lat' dir='ltr'><strong>tradunt,</strong></span> <span class='ocrx_word' id='word_1_352' title='bbox 3387 2902 3464 2952; x_wconf 89' lang='lat' dir='ltr'><strong>ut</strong></span> <span class='ocrx_word' id='word_1_353' title='bbox 3493 2892 3786 2957; x_wconf 84' lang='lat' dir='ltr'><strong>dicetur</strong></span> <span class='ocrx_word' id='word_1_354' title='bbox 3826 2899 3914 2960; x_wconf 84' lang='lat' dir='ltr'><strong>ad</strong></span> 
     </span>
     <span class='ocr_line' id='line_1_63' title="bbox 2379 2987 3914 3077; baseline 0.006 -30"><span class='ocrx_word' id='word_1_355' title='bbox 2379 2990 2732 3070; x_wconf 79' lang='lat' dir='ltr'><strong>proximos</strong></span> <span class='ocrx_word' id='word_1_356' title='bbox 2776 3006 3041 3051; x_wconf 78' lang='lat' dir='ltr'><strong>numos.</strong></span> <span class='ocrx_word' id='word_1_357' title='bbox 3143 2990 3310 3051; x_wconf 86' lang='lat' dir='ltr'><strong>Vtut</strong></span> <span class='ocrx_word' id='word_1_358' title='bbox 3350 2987 3519 3063; x_wconf 85' lang='lat' dir='ltr'><strong>erit,</strong></span> <span class='ocrx_word' id='word_1_359' title='bbox 3597 2990 3677 3051; x_wconf 83' lang='lat' dir='ltr'><strong>in</strong></span> <span class='ocrx_word' id='word_1_360' title='bbox 3749 3011 3914 3077; x_wconf 80' lang='lat' dir='ltr'><strong>cog·</strong></span> 
     </span>
     <span class='ocr_line' id='line_1_64' title="bbox 2381 3081 3912 3167; baseline 0.006 -26"><span class='ocrx_word' id='word_1_361' title='bbox 2381 3100 2623 3143; x_wconf 86' lang='lat' dir='ltr'><strong>nomen</strong></span> <span class='ocrx_word' id='word_1_362' title='bbox 2664 3095 2841 3146; x_wconf 87' lang='lat' dir='ltr'><strong>certe</strong></span> <span class='ocrx_word' id='word_1_363' title='bbox 2885 3082 3126 3145; x_wconf 87' lang='lat' dir='ltr'><strong>deinde</strong></span> <span class='ocrx_word' id='word_1_364' title='bbox 3157 3081 3329 3144; x_wconf 86' lang='lat' dir='ltr'><strong>abiit</strong></span> <span class='ocrx_word' id='word_1_365' title='bbox 3363 3081 3608 3145; x_wconf 82' lang='lat' dir='ltr'><strong>omiss&#39;o</strong></span> <span class='ocrx_word' id='word_1_366' title='bbox 3667 3091 3912 3167; x_wconf 79' lang='lat' dir='ltr'><strong>patrio</strong></span> 
     </span>
     <span class='ocr_line' id='line_1_65' title="bbox 2378 3175 3911 3270; baseline 0.006 -32"><span class='ocrx_word' id='word_1_367' title='bbox 2378 3176 2769 3270; x_wconf 85' lang='lat' dir='ltr'><strong>Strabonis,</strong></span> <span class='ocrx_word' id='word_1_368' title='bbox 2821 3178 3222 3258; x_wconf 84' lang='lat' dir='ltr'><strong>duravitque</strong></span> <span class='ocrx_word' id='word_1_369' title='bbox 3276 3177 3350 3237; x_wconf 89' lang='lat' dir='ltr'><strong>in</strong></span> <span class='ocrx_word' id='word_1_370' title='bbox 3393 3175 3524 3237; x_wconf 84' lang='lat' dir='ltr'><strong>hac</strong></span> <span class='ocrx_word' id='word_1_371' title='bbox 3571 3176 3911 3266; x_wconf 81' lang='lat' dir='ltr'><strong>familia,</strong></span> 
     </span>
    </p>
   </div>
   <div class='ocr_carea' id='block_1_6' title="bbox 2333 3268 3918 3356">
    <p class='ocr_par' dir='ltr' id='par_1_17' title="bbox 2333 3268 3918 3356">
     <span class='ocr_line' id='line_1_66' title="bbox 2333 3268 3918 3356; baseline 0.006 -24"><span class='ocrx_word' id='word_1_372' title='bbox 2333 3345 2348 3349; x_wconf 48' lang='grc'><strong>-</strong></span> <span class='ocrx_word' id='word_1_373' title='bbox 2377 3272 2538 3333; x_wconf 87' lang='lat' dir='ltr'><strong>dum</strong></span> <span class='ocrx_word' id='word_1_374' title='bbox 2585 3292 2627 3335; x_wconf 88' lang='lat' dir='ltr'><strong>a</strong></span> <span class='ocrx_word' id='word_1_375' title='bbox 2666 3268 3019 3356; x_wconf 81' lang='lat' dir='ltr'><strong>Caligula,</strong></span> <span class='ocrx_word' id='word_1_376' title='bbox 3072 3290 3274 3352; x_wconf 80' lang='lat' dir='ltr'><strong>quem</strong></span> <span class='ocrx_word' id='word_1_377' title='bbox 3308 3270 3477 3332; x_wconf 82' lang='lat' dir='ltr'><strong>aviti</strong></span> <span class='ocrx_word' id='word_1_378' title='bbox 3509 3283 3582 3333; x_wconf 86' lang='lat' dir='ltr'><strong>et</strong></span> <span class='ocrx_word' id='word_1_379' title='bbox 3611 3273 3918 3340; x_wconf 70' lang='lat' dir='ltr'><strong>illustres</strong></span> 
     </span>
    </p>
   </div>
   <div class='ocr_carea' id='block_1_7' title="bbox 2373 3346 3918 3874">
    <p class='ocr_par' dir='ltr' id='par_1_18' title="bbox 2373 3346 3912 3824">
     <span class='ocr_line' id='line_1_67' title="bbox 2379 3346 3912 3455; baseline 0.002 -26"><span class='ocrx_word' id='word_1_380' title='bbox 2379 3368 2629 3429; x_wconf 88' lang='lat' dir='ltr'><strong>civium</strong></span> <span class='ocrx_word' id='word_1_381' title='bbox 2702 3367 2884 3429; x_wconf 84' lang='lat' dir='ltr'><strong>tituli</strong></span> <span class='ocrx_word' id='word_1_382' title='bbox 2941 3366 3272 3449; x_wconf 78' lang='lat' dir='ltr'><strong>uss&#39;erant,</strong></span> <span class='ocrx_word' id='word_1_383' title='bbox 3348 3346 3808 3450; x_wconf 79' lang='lat' dir='ltr'><strong>aboleretur,</strong></span> <span class='ocrx_word' id='word_1_384' title='bbox 3857 3372 3912 3455; x_wconf 65' lang='grc' dir='ltr'><strong>ε)</strong></span> 
     </span>
     <span class='ocr_line' id='line_1_68' title="bbox 2373 3459 3915 3542; baseline 0.005 -18"><span class='ocrx_word' id='word_1_385' title='bbox 2373 3480 2513 3525; x_wconf 84' lang='lat' dir='ltr'><strong>non</strong></span> <span class='ocrx_word' id='word_1_386' title='bbox 2549 3463 2866 3524; x_wconf 84' lang='lat' dir='ltr'><strong>diuturna</strong></span> <span class='ocrx_word' id='word_1_387' title='bbox 2885 3465 3198 3542; x_wconf 85' lang='lat' dir='ltr'><strong>jactura,</strong></span> <span class='ocrx_word' id='word_1_388' title='bbox 3242 3480 3402 3524; x_wconf 85' lang='lat' dir='ltr'><strong>nam</strong></span> <span class='ocrx_word' id='word_1_389' title='bbox 3431 3459 3736 3527; x_wconf 81' lang='lat' dir='ltr'><strong>restituit</strong></span> <span class='ocrx_word' id='word_1_390' title='bbox 3777 3469 3915 3531; x_wconf 83' lang='lat' dir='ltr'><strong>sue-</strong></span> 
     </span>
     <span class='ocr_line' id='line_1_69' title="bbox 2377 3553 3917 3643; baseline 0.002 -25"><span class='ocrx_word' id='word_1_391' title='bbox 2377 3553 2586 3619; x_wconf 80' lang='lat' dir='ltr'><strong>cess&#39;or</strong></span> <span class='ocrx_word' id='word_1_392' title='bbox 2620 3556 2981 3634; x_wconf 80' lang='lat' dir='ltr'><strong>Claudius,</strong></span> <span class='ocrx_word' id='word_1_393' title='bbox 3036 3556 3149 3638; x_wconf 86' lang='lat' dir='ltr'><strong>qui</strong></span> <span class='ocrx_word' id='word_1_394' title='bbox 3184 3556 3370 3621; x_wconf 84' lang='lat' dir='ltr'><strong>suam</strong></span> <span class='ocrx_word' id='word_1_395' title='bbox 3428 3556 3716 3643; x_wconf 81' lang='lat' dir='ltr'><strong>insuper</strong></span> <span class='ocrx_word' id='word_1_396' title='bbox 3790 3563 3917 3627; x_wconf 85' lang='lat' dir='ltr'><strong>fili-</strong></span> 
     </span>
     <span class='ocr_line' id='line_1_70' title="bbox 2376 3649 3918 3781; baseline 0.007 -68"><span class='ocrx_word' id='word_1_397' title='bbox 2376 3671 2496 3713; x_wconf 80' lang='lat' dir='ltr'><strong>am</strong></span> <span class='ocrx_word' id='word_1_398' title='bbox 2530 3649 2653 3781; x_wconf 49' lang='lat' dir='ltr'><strong>Can.</strong></span> <span class='ocrx_word' id='word_1_399' title='bbox 2727 3651 3062 3736; x_wconf 88' lang='lat' dir='ltr'><strong>Pompejo</strong></span> <span class='ocrx_word' id='word_1_400' title='bbox 3120 3651 3372 3737; x_wconf 70' lang='lat' dir='ltr'><strong>Magno</strong></span> <span class='ocrx_word' id='word_1_401' title='bbox 3439 3670 3758 3718; x_wconf 80' lang='lat' dir='ltr'><strong>uxorem</strong></span> <span class='ocrx_word' id='word_1_402' title='bbox 3801 3660 3918 3723; x_wconf 82' lang='lat' dir='ltr'><strong>de</strong></span> 
     </span>
     <span class='ocr_line' id='line_1_71' title="bbox 2375 3743 2610 3824; baseline 0.021 -16"><span class='ocrx_word' id='word_1_403' title='bbox 2375 3743 2498 3813; x_wconf 81' lang='lat' dir='ltr'><strong>dit·</strong></span> <span class='ocrx_word' id='word_1_404' title='bbox 2578 3750 2610 3824; x_wconf 64' lang='lat' dir='ltr'><strong>l</strong></span> 
     </span>
    </p>

    <p class='ocr_par' dir='ltr' id='par_1_19' title="bbox 3107 3841 3145 3874">
     <span class='ocr_line' id='line_1_72' title="bbox 3107 3841 3145 3874; baseline 0 0"><span class='ocrx_word' id='word_1_405' title='bbox 3107 3841 3145 3874; x_wconf 55' lang='grc' dir='ltr'><em>ἢ</em></span> 
     </span>
    </p>
   </div>
   <div class='ocr_carea' id='block_1_8' title="bbox 2664 3905 3909 4029">
    <p class='ocr_par' dir='ltr' id='par_1_20' title="bbox 2664 3905 3909 4029">
     <span class='ocr_line' id='line_1_73' title="bbox 2664 3905 3909 4029; baseline 0.01 -32"><span class='ocrx_word' id='word_1_406' title='bbox 2664 3905 2814 3998; x_wconf 70' lang='grc' dir='ltr'><strong>ςιι</strong></span> <span class='ocrx_word' id='word_1_407' title='bbox 2851 3936 3083 4001; x_wconf 74' lang='lat' dir='ltr'><strong>msc.</strong></span> <span class='ocrx_word' id='word_1_408' title='bbox 3122 3937 3326 4000; x_wconf 83' lang='lat' dir='ltr'><strong>PRO.</strong></span> <span class='ocrx_word' id='word_1_409' title='bbox 3360 3937 3446 4019; x_wconf 77' lang='lat' dir='ltr'><strong>Q,</strong></span> <span class='ocrx_word' id='word_1_410' title='bbox 3479 3936 3722 4029; x_wconf 65' lang='lat' dir='ltr'><strong>Capu</strong></span> <span class='ocrx_word' id='word_1_411' title='bbox 3761 3944 3909 4010; x_wconf 68' lang='grc' dir='ltr'><strong>Νι-</strong></span> 
     </span>
    </p>
   </div>
   <div class='ocr_carea' id='block_1_9' title="bbox 2659 4030 3913 4214">
    <p class='ocr_par' dir='ltr' id='par_1_21' title="bbox 2659 4030 3913 4214">
     <span class='ocr_line' id='line_1_74' title="bbox 2661 4030 3913 4117; baseline 0.011 -23"><span class='ocrx_word' id='word_1_412' title='bbox 2661 4050 2798 4094; x_wconf 80' lang='lat' dir='ltr'><strong>mae</strong></span> <span class='ocrx_word' id='word_1_413' title='bbox 2833 4030 3166 4097; x_wconf 74' lang='lat' dir='ltr'><strong>barbatum</strong></span> <span class='ocrx_word' id='word_1_414' title='bbox 3205 4037 3462 4099; x_wconf 61' lang='lat' dir='ltr'><strong>metum</strong></span> <span class='ocrx_word' id='word_1_415' title='bbox 3511 4032 3913 4117; x_wconf 58' lang='lat' dir='ltr'><strong>diadum,</strong></span> 
     </span>
     <span class='ocr_line' id='line_1_75' title="bbox 2659 4128 3432 4214; baseline -0.001 -24"><span class='ocrx_word' id='word_1_416' title='bbox 2659 4133 2763 4190; x_wconf 63' lang='lat' dir='ltr'><strong>cui</strong></span> <span class='ocrx_word' id='word_1_417' title='bbox 2792 4129 3146 4214; x_wconf 71' lang='lat' dir='ltr'><strong>inscriptum</strong></span> <span class='ocrx_word' id='word_1_418' title='bbox 3167 4128 3432 4192; x_wconf 80' lang='lat' dir='ltr'>NVMA</span> 
     </span>
    </p>
   </div>
   <div class='ocr_carea' id='block_1_10' title="bbox 728 4214 3930 4414">
    <p class='ocr_par' dir='ltr' id='par_1_22' title="bbox 728 4214 3930 4414">
     <span class='ocr_line' id='line_1_76' title="bbox 787 4214 3916 4305; baseline 0.005 -25"><span class='ocrx_word' id='word_1_419' title='bbox 787 4221 1310 4302; x_wconf 82' lang='lat' dir='ltr'><strong>meritorumque</strong></span> <span class='ocrx_word' id='word_1_420' title='bbox 1370 4221 1703 4305; x_wconf 83' lang='lat' dir='ltr'><strong>primitias</strong></span> <span class='ocrx_word' id='word_1_421' title='bbox 1754 4219 2056 4303; x_wconf 77' lang='lat' dir='ltr'><strong>auxerit,</strong></span> <span class='ocrx_word' id='word_1_422' title='bbox 2143 4217 2290 4281; x_wconf 85' lang='lat' dir='ltr'><strong>Ser·</strong></span> <span class='ocrx_word' id='word_1_423' title='bbox 2365 4214 2662 4283; x_wconf 81' lang='lat' dir='ltr'><strong>MAGN.</strong></span> <span class='ocrx_word' id='word_1_424' title='bbox 2696 4222 2900 4286; x_wconf 88' lang='lat' dir='ltr'><strong>PRO.</strong></span> <span class='ocrx_word' id='word_1_425' title='bbox 2923 4219 3347 4289; x_wconf 79' lang='lat' dir='ltr'><strong>COS.Pr0ra</strong></span> <span class='ocrx_word' id='word_1_426' title='bbox 3366 4225 3574 4292; x_wconf 72' lang='lat' dir='ltr'><strong>navis.</strong></span> <span class='ocrx_word' id='word_1_427' title='bbox 3631 4227 3916 4296; x_wconf 64' lang='lat' dir='ltr'><strong>ARAE.</strong></span> 
     </span>
     <span class='ocr_line' id='line_1_77' title="bbox 728 4370 3930 4414; baseline 0.005 -16"><span class='ocrx_word' id='word_1_428' title='bbox 728 4370 3930 4414; x_wconf 43' lang='grc' dir='ltr'><strong>,ψ’-*ΨΜ</strong></span> 
     </span>
    </p>
   </div>
   <div class='ocr_carea' id='block_1_11' title="bbox 774 4440 1607 4595">
    <p class='ocr_par' dir='ltr' id='par_1_23' title="bbox 774 4440 1607 4595">
     <span class='ocr_line' id='line_1_78' title="bbox 774 4440 1607 4595; baseline 0 -85"><span class='ocrx_word' id='word_1_429' title='bbox 774 4456 907 4579; x_wconf 52' lang='lat' dir='ltr'><strong>Li)</strong></span> <span class='ocrx_word' id='word_1_430' title='bbox 933 4440 1231 4595; x_wconf 54' lang='grc' dir='ltr'><strong>ιἒιόΡοιιιΡ.</strong></span> <span class='ocrx_word' id='word_1_431' title='bbox 1265 4473 1324 4528; x_wconf 80' lang='lat' dir='ltr'><strong>p.</strong></span> <span class='ocrx_word' id='word_1_432' title='bbox 1348 4474 1445 4519; x_wconf 52' lang='lat' dir='ltr'><strong>nn,</strong></span> <span class='ocrx_word' id='word_1_433' title='bbox 1470 4457 1607 4527; x_wconf 52' lang='grc' dir='ltr'><strong>625.ι</strong></span> 
     </span>
    </p>
   </div>
   <div class='ocr_carea' id='block_1_12' title="bbox 1784 4454 2324 4525">
    <p class='ocr_par' dir='ltr' id='par_1_24' title="bbox 1784 4454 2324 4525">
     <span class='ocr_line' id='line_1_79' title="bbox 1784 4454 2324 4525; baseline 0.009 -17"><span class='ocrx_word' id='word_1_434' title='bbox 1784 4454 1844 4524; x_wconf 77' lang='lat' dir='ltr'><strong>b)</strong></span> <span class='ocrx_word' id='word_1_435' title='bbox 1878 4456 1954 4516; x_wconf 78' lang='lat'><strong>1..</strong></span> <span class='ocrx_word' id='word_1_436' title='bbox 1984 4456 2133 4515; x_wconf 84' lang='lat' dir='ltr'><strong>Vn.</strong></span> <span class='ocrx_word' id='word_1_437' title='bbox 2159 4455 2193 4525; x_wconf 66' lang='grc'>5</span> <span class='ocrx_word' id='word_1_438' title='bbox 2229 4460 2324 4525; x_wconf 68' lang='grc' dir='ltr'><strong>ηζ</strong></span> 
     </span>
    </p>
   </div>
   <div class='ocr_carea' id='block_1_13' title="bbox 2506 4454 3924 4555">
    <p class='ocr_par' dir='ltr' id='par_1_25' title="bbox 2506 4454 3924 4555">
     <span class='ocr_line' id='line_1_80' title="bbox 2506 4454 3924 4555; baseline 0.005 -45"><span class='ocrx_word' id='word_1_439' title='bbox 2506 4457 2562 4555; x_wconf 58' lang='lat' dir='ltr'><strong>c?</strong></span> <span class='ocrx_word' id='word_1_440' title='bbox 2593 4454 2825 4513; x_wconf 80' lang='lat' dir='ltr'><strong>Sneton.</strong></span> <span class='ocrx_word' id='word_1_441' title='bbox 2858 4458 2920 4511; x_wconf 84' lang='lat' dir='ltr'><strong>in</strong></span> <span class='ocrx_word' id='word_1_442' title='bbox 2954 4456 3135 4528; x_wconf 70' lang='lat' dir='ltr'><strong>Calig.</strong></span> <span class='ocrx_word' id='word_1_443' title='bbox 3163 4474 3218 4513; x_wconf 64' lang='grc' dir='ltr'><strong>οι</strong></span> <span class='ocrx_word' id='word_1_444' title='bbox 3244 4474 3344 4530; x_wconf 69' lang='lat'><strong>35..</strong></span> <span class='ocrx_word' id='word_1_445' title='bbox 3551 4458 3649 4529; x_wconf 60' lang='grc' dir='ltr'><strong>,ὀὶ</strong></span> <span class='ocrx_word' id='word_1_446' title='bbox 3685 4460 3816 4516; x_wconf 71' lang='lat' dir='ltr'><strong>Dio</strong></span> <span class='ocrx_word' id='word_1_447' title='bbox 3845 4463 3924 4517; x_wconf 76' lang='lat'><strong>1..</strong></span> 
     </span>
    </p>
   </div>
  </div>
 </body>
</html>
