<?xml version="1.0" encoding="UTF-8"?>
<!DOCTYPE html PUBLIC "-//W3C//DTD XHTML 1.0 Transitional//EN"
    "http://www.w3.org/TR/xhtml1/DTD/xhtml1-transitional.dtd">
<html xmlns="http://www.w3.org/1999/xhtml" xml:lang="en" lang="en">
 <head>
  <title>
</title>
<meta http-equiv="Content-Type" content="text/html;charset=utf-8" />
  <meta name='ocr-system' content='tesseract 3.04.00' />
  <meta name='ocr-capabilities' content='ocr_page ocr_carea ocr_par ocr_line ocrx_word'/>
</head>
<body>
  <div class='ocr_page' id='page_1' title='image "./doctrinanumorum06unkngoog/doctrinanumorum06unkngoog_0193.png"; bbox 0 0 4175 5450; ppageno 0'>
   <div class='ocr_carea' id='block_1_1' title="bbox 743 579 2658 669">
    <p class='ocr_par' dir='ltr' id='par_1_1' title="bbox 743 579 2658 669">
     <span class='ocr_line' id='line_1_1' title="bbox 743 579 2658 669; baseline -0.001 -11"><span class='ocrx_word' id='word_1_1' title='bbox 743 605 873 669; x_wconf 64' lang='grc' dir='ltr'><strong>ιω</strong></span> <span class='ocrx_word' id='word_1_2' title='bbox 1899 579 2658 659; x_wconf 66' lang='grc' dir='ltr'><strong>.ΟΟΒΝΕΙ,ῙΛ.</strong></span> 
     </span>
    </p>
   </div>
   <div class='ocr_carea' id='block_1_2' title="bbox 732 743 3851 873">
    <p class='ocr_par' dir='ltr' id='par_1_2' title="bbox 732 743 3851 873">
     <span class='ocr_line' id='line_1_2' title="bbox 732 743 3851 873; baseline -0 -17"><span class='ocrx_word' id='word_1_3' title='bbox 732 792 806 856; x_wconf 70' lang='grc' dir='ltr'><strong>δη</strong></span> <span class='ocrx_word' id='word_1_4' title='bbox 841 811 997 858; x_wconf 75' lang='lat' dir='ltr'><strong>area</strong></span> <span class='ocrx_word' id='word_1_5' title='bbox 1032 785 1172 854; x_wconf 71' lang='lat' dir='ltr'><strong>{rinc</strong></span> <span class='ocrx_word' id='word_1_6' title='bbox 1201 807 1331 855; x_wconf 71' lang='lat' dir='ltr'><strong>ara</strong></span> <span class='ocrx_word' id='word_1_7' title='bbox 1358 783 1701 865; x_wconf 76' lang='lat' dir='ltr'><strong>luculenta,</strong></span> <span class='ocrx_word' id='word_1_8' title='bbox 1764 780 1922 850; x_wconf 75' lang='lat' dir='ltr'><strong>illinc</strong></span> <span class='ocrx_word' id='word_1_9' title='bbox 1986 785 2256 873; x_wconf 74' lang='lat' dir='ltr'><strong>astrum,</strong></span> <span class='ocrx_word' id='word_1_10' title='bbox 2337 786 2407 847; x_wconf 90' lang='lat' dir='ltr'><strong>in</strong></span> <span class='ocrx_word' id='word_1_11' title='bbox 2458 743 2678 849; x_wconf 73' lang='lat' dir='ltr'><strong>nuruis</strong></span> <span class='ocrx_word' id='word_1_12' title='bbox 2724 782 2806 847; x_wconf 85' lang='lat' dir='ltr'><strong>fic</strong></span> <span class='ocrx_word' id='word_1_13' title='bbox 2841 779 3092 847; x_wconf 83' lang='lat' dir='ltr'><strong>debere</strong></span> <span class='ocrx_word' id='word_1_14' title='bbox 3137 782 3397 869; x_wconf 84' lang='lat' dir='ltr'><strong>expleri</strong></span> <span class='ocrx_word' id='word_1_15' title='bbox 3444 786 3509 849; x_wconf 86' lang='lat' dir='ltr'><strong>in</strong></span> <span class='ocrx_word' id='word_1_16' title='bbox 3563 786 3851 855; x_wconf 77' lang='lat' dir='ltr'><strong>confess&#39;o</strong></span> 
     </span>
    </p>
   </div>
   <div class='ocr_carea' id='block_1_3' title="bbox 730 887 2251 1143">
    <p class='ocr_par' dir='ltr' id='par_1_3' title="bbox 730 887 2251 1143">
     <span class='ocr_line' id='line_1_3' title="bbox 733 887 1682 978; baseline -0.003 -26"><span class='ocrx_word' id='word_1_17' title='bbox 733 899 795 952; x_wconf 77' lang='lat' dir='ltr'><strong>et</strong></span> <span class='ocrx_word' id='word_1_18' title='bbox 838 891 923 978; x_wconf 79' lang='lat' dir='ltr'><strong>Q·</strong></span> <span class='ocrx_word' id='word_1_19' title='bbox 1028 889 1171 950; x_wconf 86' lang='lat' dir='ltr'><strong>AR.</strong></span> <span class='ocrx_word' id='word_1_20' title='bbox 1207 887 1285 951; x_wconf 81' lang='lat' dir='ltr'><strong>e.</strong></span> <span class='ocrx_word' id='word_1_21' title='bbox 1678 919 1682 924; x_wconf 91' lang='lat'>-</span> 
     </span>
     <span class='ocr_line' id='line_1_4' title="bbox 1025 976 1908 1068; baseline -0.003 -20"><span class='ocrx_word' id='word_1_22' title='bbox 1025 984 1228 1068; x_wconf 75' lang='lat' dir='ltr'><strong>Caput</strong></span> <span class='ocrx_word' id='word_1_23' title='bbox 1266 981 1500 1048; x_wconf 73' lang='lat' dir='ltr'><strong>nudum</strong></span> <span class='ocrx_word' id='word_1_24' title='bbox 1554 976 1908 1046; x_wconf 80' lang='lat' dir='ltr'><strong>barbatum.</strong></span> 
     </span>
     <span class='ocr_line' id='line_1_5' title="bbox 730 1072 2251 1143; baseline -0.01 0"><span class='ocrx_word' id='word_1_25' title='bbox 730 1080 814 1143; x_wconf 81' lang='lat' dir='ltr'><strong>L.</strong></span> <span class='ocrx_word' id='word_1_26' title='bbox 856 1078 1364 1143; x_wconf 79' lang='lat' dir='ltr'><strong>LENTVLVS.</strong></span> <span class='ocrx_word' id='word_1_27' title='bbox 1402 1076 1479 1142; x_wconf 90' lang='lat' dir='ltr'><strong>C.</strong></span> <span class='ocrx_word' id='word_1_28' title='bbox 1504 1073 1788 1141; x_wconf 81' lang='lat' dir='ltr'><strong>MARC.</strong></span> <span class='ocrx_word' id='word_1_29' title='bbox 1831 1073 2025 1138; x_wconf 87' lang='lat' dir='ltr'><strong>COS.</strong></span> <span class='ocrx_word' id='word_1_30' title='bbox 2079 1072 2251 1139; x_wconf 75' lang='lat' dir='ltr'><strong>Dia-</strong></span> 
     </span>
    </p>
   </div>
   <div class='ocr_carea' id='block_1_4' title="bbox 644 1169 2154 1268">
    <p class='ocr_par' dir='ltr' id='par_1_4' title="bbox 644 1169 2154 1268">
     <span class='ocr_line' id='line_1_6' title="bbox 644 1169 2154 1268; baseline -0.005 -26"><span class='ocrx_word' id='word_1_31' title='bbox 644 1253 654 1268; x_wconf 84' lang='lat'><strong>.</strong></span> <span class='ocrx_word' id='word_1_32' title='bbox 730 1180 817 1241; x_wconf 68' lang='lat' dir='ltr'><strong>uia</strong></span> <span class='ocrx_word' id='word_1_33' title='bbox 843 1174 1102 1263; x_wconf 79' lang='lat' dir='ltr'><strong>Ephesia</strong></span> <span class='ocrx_word' id='word_1_34' title='bbox 1138 1195 1272 1239; x_wconf 81' lang='lat' dir='ltr'><strong>cum</strong></span> <span class='ocrx_word' id='word_1_35' title='bbox 1301 1172 1710 1239; x_wconf 73' lang='lat' dir='ltr'><strong>adminiculis.</strong></span> <span class='ocrx_word' id='word_1_36' title='bbox 1813 1172 1960 1233; x_wconf 82' lang='lat' dir='ltr'><strong>AR.</strong></span> <span class='ocrx_word' id='word_1_37' title='bbox 2007 1169 2154 1234; x_wconf 80' lang='lat' dir='ltr'><strong>RR.</strong></span> 
     </span>
    </p>
   </div>
   <div class='ocr_carea' id='block_1_5' title="bbox 1031 1264 2255 1358">
    <p class='ocr_par' dir='ltr' id='par_1_5' title="bbox 1031 1264 2255 1358">
     <span class='ocr_line' id='line_1_7' title="bbox 1031 1264 2255 1358; baseline -0.007 -21"><span class='ocrx_word' id='word_1_38' title='bbox 1031 1273 1373 1356; x_wconf 76' lang='lat' dir='ltr'><em>Triquetra</em></span> <span class='ocrx_word' id='word_1_39' title='bbox 1426 1271 1647 1358; x_wconf 78' lang='lat' dir='ltr'><strong>inserto</strong></span> <span class='ocrx_word' id='word_1_40' title='bbox 1693 1264 1987 1354; x_wconf 76' lang='lat' dir='ltr'><em>Medusae</em></span> <span class='ocrx_word' id='word_1_41' title='bbox 2054 1267 2255 1352; x_wconf 76' lang='lat' dir='ltr'><strong>capite</strong></span> 
     </span>
    </p>
   </div>
   <div class='ocr_carea' id='block_1_6' title="bbox 725 1367 2248 1547">
    <p class='ocr_par' dir='ltr' id='par_1_6' title="bbox 725 1367 2248 1547">
     <span class='ocr_line' id='line_1_8' title="bbox 725 1367 2248 1547; baseline -0.007 -14"><span class='ocrx_word' id='word_1_42' title='bbox 725 1466 998 1533; x_wconf 78' lang='lat' dir='ltr'><strong>LENT.</strong></span> <span class='ocrx_word' id='word_1_43' title='bbox 1017 1367 1466 1528; x_wconf 46' lang='lat' dir='ltr'><strong>ssffsscos</strong></span> <span class='ocrx_word' id='word_1_44' title='bbox 1519 1411 1809 1547; x_wconf 69' lang='lat' dir='ltr'><strong>iuppiter</strong></span> <span class='ocrx_word' id='word_1_45' title='bbox 1813 1459 1998 1546; x_wconf 74' lang='lat' dir='ltr'><strong>stans</strong></span> <span class='ocrx_word' id='word_1_46' title='bbox 2026 1457 2090 1523; x_wconf 77' lang='lat' dir='ltr'><strong>a.</strong></span> <span class='ocrx_word' id='word_1_47' title='bbox 2114 1456 2248 1544; x_wconf 75' lang='lat' dir='ltr'><strong>fut-</strong></span> 
     </span>
    </p>
   </div>
   <div class='ocr_carea' id='block_1_7' title="bbox 712 1556 2251 2223">
    <p class='ocr_par' dir='ltr' id='par_1_7' title="bbox 727 1556 2251 1647">
     <span class='ocr_line' id='line_1_9' title="bbox 727 1556 2251 1647; baseline -0.007 -16"><span class='ocrx_word' id='word_1_48' title='bbox 727 1583 865 1631; x_wconf 73' lang='lat' dir='ltr'><strong>meu</strong></span> <span class='ocrx_word' id='word_1_49' title='bbox 884 1610 904 1640; x_wconf 89' lang='lat'>,</span> <span class='ocrx_word' id='word_1_50' title='bbox 937 1558 998 1647; x_wconf 81' lang='lat' dir='ltr'><strong>s.</strong></span> <span class='ocrx_word' id='word_1_51' title='bbox 1039 1557 1312 1647; x_wconf 57' lang='lat' dir='ltr'><strong>aquilem</strong></span> <span class='ocrx_word' id='word_1_52' title='bbox 1330 1606 1351 1640; x_wconf 90' lang='lat'><strong>,</strong></span> <span class='ocrx_word' id='word_1_53' title='bbox 1400 1562 1469 1623; x_wconf 74' lang='lat' dir='ltr'><strong>in</strong></span> <span class='ocrx_word' id='word_1_54' title='bbox 1503 1577 1657 1624; x_wconf 81' lang='lat' dir='ltr'><strong>area</strong></span> <span class='ocrx_word' id='word_1_55' title='bbox 1706 1556 1899 1624; x_wconf 77' lang='lat' dir='ltr'><strong>culter</strong></span> <span class='ocrx_word' id='word_1_56' title='bbox 1930 1558 2251 1623; x_wconf 76' lang='lat' dir='ltr'><strong>incurvus.</strong></span> 
     </span>
    </p>

    <p class='ocr_par' dir='ltr' id='par_1_8' title="bbox 712 1750 2244 2223">
     <span class='ocr_line' id='line_1_10' title="bbox 820 1750 2243 1839; baseline -0.005 -21"><span class='ocrx_word' id='word_1_57' title='bbox 820 1757 1055 1818; x_wconf 85' lang='lat' dir='ltr'><strong>Annus</strong></span> <span class='ocrx_word' id='word_1_58' title='bbox 1096 1758 1182 1820; x_wconf 89' lang='lat' dir='ltr'><strong>V.</strong></span> <span class='ocrx_word' id='word_1_59' title='bbox 1231 1750 1308 1818; x_wconf 91' lang='lat' dir='ltr'><strong>C.</strong></span> <span class='ocrx_word' id='word_1_60' title='bbox 1364 1771 1454 1833; x_wconf 92' lang='lat' dir='ltr'><strong>7o</strong></span> <span class='ocrx_word' id='word_1_61' title='bbox 1458 1775 1502 1839; x_wconf 83' lang='lat'><em>5</em></span> <span class='ocrx_word' id='word_1_62' title='bbox 1559 1752 1806 1815; x_wconf 88' lang='lat' dir='ltr'><strong>horum</strong></span> <span class='ocrx_word' id='word_1_63' title='bbox 1878 1768 2243 1813; x_wconf 88' lang='lat' dir='ltr'><strong>numorum</strong></span> 
     </span>
     <span class='ocr_line' id='line_1_11' title="bbox 717 1844 2239 1932; baseline -0.005 -13"><span class='ocrx_word' id='word_1_64' title='bbox 717 1850 996 1928; x_wconf 83' lang='lat' dir='ltr'><strong>natalis,</strong></span> <span class='ocrx_word' id='word_1_65' title='bbox 1048 1851 1163 1932; x_wconf 87' lang='lat' dir='ltr'><strong>qui</strong></span> <span class='ocrx_word' id='word_1_66' title='bbox 1196 1845 1496 1913; x_wconf 88' lang='lat' dir='ltr'><strong>consules</strong></span> <span class='ocrx_word' id='word_1_67' title='bbox 1510 1847 1756 1912; x_wconf 84' lang='lat' dir='ltr'><strong>habuit</strong></span> <span class='ocrx_word' id='word_1_68' title='bbox 1775 1844 1851 1912; x_wconf 89' lang='lat' dir='ltr'><strong>C.</strong></span> <span class='ocrx_word' id='word_1_69' title='bbox 1873 1844 2239 1911; x_wconf 86' lang='lat' dir='ltr'><strong>Claudium</strong></span> 
     </span>
     <span class='ocr_line' id='line_1_12' title="bbox 717 1941 2244 2023; baseline -0.006 -7"><span class='ocrx_word' id='word_1_70' title='bbox 717 1945 1155 2023; x_wconf 83' lang='lat' dir='ltr'><strong>Marcellum,</strong></span> <span class='ocrx_word' id='word_1_71' title='bbox 1189 1956 1256 2008; x_wconf 88' lang='lat' dir='ltr'><strong>et</strong></span> <span class='ocrx_word' id='word_1_72' title='bbox 1276 1944 1356 2010; x_wconf 91' lang='lat' dir='ltr'><strong>L.</strong></span> <span class='ocrx_word' id='word_1_73' title='bbox 1379 1943 1776 2010; x_wconf 87' lang='lat' dir='ltr'><strong>Cornelium</strong></span> <span class='ocrx_word' id='word_1_74' title='bbox 1796 1941 2154 2007; x_wconf 84' lang='lat' dir='ltr'><strong>Lentulum</strong></span> <span class='ocrx_word' id='word_1_75' title='bbox 2173 1945 2244 2007; x_wconf 88' lang='lat' dir='ltr'><strong>in</strong></span> 
     </span>
     <span class='ocr_line' id='line_1_13' title="bbox 715 2038 2236 2111; baseline -0.009 0"><span class='ocrx_word' id='word_1_76' title='bbox 715 2046 824 2111; x_wconf 82' lang='lat' dir='ltr'><strong>his</strong></span> <span class='ocrx_word' id='word_1_77' title='bbox 844 2044 1061 2106; x_wconf 86' lang='lat' dir='ltr'><strong>numis</strong></span> <span class='ocrx_word' id='word_1_78' title='bbox 1080 2053 1532 2107; x_wconf 72' lang='lat' dir='ltr'><strong>memoratos:</strong></span> <span class='ocrx_word' id='word_1_79' title='bbox 1570 2042 1793 2104; x_wconf 80' lang='lat' dir='ltr'><strong>Enato</strong></span> <span class='ocrx_word' id='word_1_80' title='bbox 1815 2051 1960 2102; x_wconf 89' lang='lat' dir='ltr'><strong>tum</strong></span> <span class='ocrx_word' id='word_1_81' title='bbox 1983 2038 2236 2103; x_wconf 83' lang='lat' dir='ltr'><strong>Caesa..</strong></span> 
     </span>
     <span class='ocr_line' id='line_1_14' title="bbox 712 2133 2237 2223; baseline -0.005 -16"><span class='ocrx_word' id='word_1_82' title='bbox 712 2163 860 2207; x_wconf 85' lang='lat' dir='ltr'><strong>rem</strong></span> <span class='ocrx_word' id='word_1_83' title='bbox 883 2138 1057 2202; x_wconf 84' lang='lat' dir='ltr'><strong>inter</strong></span> <span class='ocrx_word' id='word_1_84' title='bbox 1076 2150 1144 2202; x_wconf 90' lang='lat' dir='ltr'><strong>et</strong></span> <span class='ocrx_word' id='word_1_85' title='bbox 1157 2139 1559 2223; x_wconf 70' lang='lat' dir='ltr'><strong>Pompeium</strong></span> <span class='ocrx_word' id='word_1_86' title='bbox 1582 2136 1767 2200; x_wconf 90' lang='lat' dir='ltr'><strong>bello</strong></span> <span class='ocrx_word' id='word_1_87' title='bbox 1784 2136 1854 2199; x_wconf 87' lang='lat' dir='ltr'><strong>in</strong></span> <span class='ocrx_word' id='word_1_88' title='bbox 1872 2133 2237 2219; x_wconf 77' lang='lat' dir='ltr'><strong>Graeciam</strong></span> 
     </span>
    </p>
   </div>
   <div class='ocr_carea' id='block_1_8' title="bbox 2327 879 3854 1836">
    <p class='ocr_par' dir='ltr' id='par_1_9' title="bbox 2327 879 3854 1836">
     <span class='ocr_line' id='line_1_15' title="bbox 2334 879 3853 971; baseline 0 -27"><span class='ocrx_word' id='word_1_89' title='bbox 2334 879 2430 948; x_wconf 85' lang='lat' dir='ltr'><strong>fit.</strong></span> <span class='ocrx_word' id='word_1_90' title='bbox 2530 883 2769 963; x_wconf 85' lang='lat' dir='ltr'>Neque</span> <span class='ocrx_word' id='word_1_91' title='bbox 2806 882 3013 943; x_wconf 86' lang='lat' dir='ltr'><strong>etiam</strong></span> <span class='ocrx_word' id='word_1_92' title='bbox 3057 881 3316 944; x_wconf 85' lang='lat' dir='ltr'><strong>denarii</strong></span> <span class='ocrx_word' id='word_1_93' title='bbox 3352 882 3467 960; x_wconf 86' lang='lat' dir='ltr'><strong>hi,</strong></span> <span class='ocrx_word' id='word_1_94' title='bbox 3522 890 3703 970; x_wconf 92' lang='lat' dir='ltr'><strong>quod</strong></span> <span class='ocrx_word' id='word_1_95' title='bbox 3754 901 3853 971; x_wconf 74' lang='lat' dir='ltr'><strong>ty.</strong></span> 
     </span>
     <span class='ocr_line' id='line_1_16' title="bbox 2333 974 3854 1062; baseline 0.005 -22"><span class='ocrx_word' id='word_1_96' title='bbox 2333 997 2465 1061; x_wconf 85' lang='lat' dir='ltr'><strong>pos</strong></span> <span class='ocrx_word' id='word_1_97' title='bbox 2494 974 2759 1042; x_wconf 78' lang='lat' dir='ltr'><strong>Siculos</strong></span> <span class='ocrx_word' id='word_1_98' title='bbox 2810 977 3065 1044; x_wconf 83' lang='lat' dir='ltr'><strong>habent</strong></span> <span class='ocrx_word' id='word_1_99' title='bbox 3094 1028 3114 1062; x_wconf 88' lang='lat'>,</span> <span class='ocrx_word' id='word_1_100' title='bbox 3166 979 3529 1044; x_wconf 80' lang='lat' dir='ltr'><strong>necessario</strong></span> <span class='ocrx_word' id='word_1_101' title='bbox 3573 984 3643 1046; x_wconf 85' lang='lat' dir='ltr'><strong>iu</strong></span> <span class='ocrx_word' id='word_1_102' title='bbox 3692 984 3854 1048; x_wconf 87' lang='lat' dir='ltr'><strong>Sici·-</strong></span> 
     </span>
     <span class='ocr_line' id='line_1_17' title="bbox 2332 1072 3848 1160; baseline 0.005 -24"><span class='ocrx_word' id='word_1_103' title='bbox 2332 1072 2431 1137; x_wconf 88' lang='lat' dir='ltr'><strong>lia</strong></span> <span class='ocrx_word' id='word_1_104' title='bbox 2467 1075 2611 1138; x_wconf 87' lang='lat' dir='ltr'><strong>sunt</strong></span> <span class='ocrx_word' id='word_1_105' title='bbox 2659 1074 2926 1160; x_wconf 73' lang='lat' dir='ltr'><strong>[ignati3</strong></span> <span class='ocrx_word' id='word_1_106' title='bbox 2980 1093 3137 1138; x_wconf 88' lang='lat' dir='ltr'><strong>nam</strong></span> <span class='ocrx_word' id='word_1_107' title='bbox 3192 1074 3456 1160; x_wconf 77' lang='lat' dir='ltr'><strong>poss‘unt</strong></span> <span class='ocrx_word' id='word_1_108' title='bbox 3525 1079 3848 1144; x_wconf 76' lang='lat' dir='ltr'><strong>adludere</strong></span> 
     </span>
     <span class='ocr_line' id='line_1_18' title="bbox 2333 1170 3848 1253; baseline 0.005 -21"><span class='ocrx_word' id='word_1_109' title='bbox 2333 1171 2427 1232; x_wconf 89' lang='lat' dir='ltr'><strong>ad</strong></span> <span class='ocrx_word' id='word_1_110' title='bbox 2460 1173 2557 1234; x_wconf 88' lang='lat' dir='ltr'><strong>M.</strong></span> <span class='ocrx_word' id='word_1_111' title='bbox 2592 1170 2992 1234; x_wconf 88' lang='lat' dir='ltr'><strong>Marcellum</strong></span> <span class='ocrx_word' id='word_1_112' title='bbox 3036 1170 3519 1253; x_wconf 80' lang='lat' dir='ltr'><strong>Syracusarum</strong></span> <span class='ocrx_word' id='word_1_113' title='bbox 3554 1175 3848 1240; x_wconf 76' lang='lat' dir='ltr'><strong>debella·</strong></span> 
     </span>
     <span class='ocr_line' id='line_1_19' title="bbox 2330 1262 3847 1350; baseline 0.005 -21"><span class='ocrx_word' id='word_1_114' title='bbox 2330 1277 2550 1330; x_wconf 86' lang='lat' dir='ltr'><strong>torem</strong></span> <span class='ocrx_word' id='word_1_115' title='bbox 2577 1314 2596 1344; x_wconf 89' lang='lat'>,</span> <span class='ocrx_word' id='word_1_116' title='bbox 2651 1268 2767 1350; x_wconf 89' lang='lat' dir='ltr'><strong>qui</strong></span> <span class='ocrx_word' id='word_1_117' title='bbox 2809 1262 2940 1328; x_wconf 82' lang='lat' dir='ltr'><strong>fuit</strong></span> <span class='ocrx_word' id='word_1_118' title='bbox 2978 1287 3065 1330; x_wconf 80' lang='lat' dir='ltr'><strong>ex</strong></span> <span class='ocrx_word' id='word_1_119' title='bbox 3114 1267 3490 1347; x_wconf 83' lang='lat' dir='ltr'><strong>majoribus</strong></span> <span class='ocrx_word' id='word_1_120' title='bbox 3544 1269 3622 1338; x_wconf 88' lang='lat' dir='ltr'><strong>C.</strong></span> <span class='ocrx_word' id='word_1_121' title='bbox 3664 1273 3847 1336; x_wconf 86' lang='lat' dir='ltr'><strong>Mar-</strong></span> 
     </span>
     <span class='ocr_line' id='line_1_20' title="bbox 2332 1361 3846 1451; baseline 0.007 -26"><span class='ocrx_word' id='word_1_122' title='bbox 2332 1363 2489 1426; x_wconf 87' lang='lat' dir='ltr'><strong>celli</strong></span> <span class='ocrx_word' id='word_1_123' title='bbox 2521 1361 2773 1440; x_wconf 85' lang='lat' dir='ltr'><strong>nostri,</strong></span> <span class='ocrx_word' id='word_1_124' title='bbox 2823 1381 2959 1425; x_wconf 84' lang='lat' dir='ltr'><strong>non</strong></span> <span class='ocrx_word' id='word_1_125' title='bbox 2998 1365 3197 1426; x_wconf 89' lang='lat' dir='ltr'><strong>unico</strong></span> <span class='ocrx_word' id='word_1_126' title='bbox 3244 1363 3380 1428; x_wconf 85' lang='lat' dir='ltr'><strong>hoc</strong></span> <span class='ocrx_word' id='word_1_127' title='bbox 3422 1367 3492 1429; x_wconf 91' lang='lat' dir='ltr'><strong>in</strong></span> <span class='ocrx_word' id='word_1_128' title='bbox 3532 1367 3846 1451; x_wconf 87' lang='lat' dir='ltr'><strong>sequiori-</strong></span> 
     </span>
     <span class='ocr_line' id='line_1_21' title="bbox 2332 1456 3847 1550; baseline 0.007 -29"><span class='ocrx_word' id='word_1_129' title='bbox 2332 1456 2460 1521; x_wconf 86' lang='lat' dir='ltr'><strong>bus</strong></span> <span class='ocrx_word' id='word_1_130' title='bbox 2550 1458 2897 1526; x_wconf 85' lang='lat' dir='ltr'><strong>Marcellis</strong></span> <span class='ocrx_word' id='word_1_131' title='bbox 2980 1460 3346 1544; x_wconf 78' lang='lat' dir='ltr'><strong>exempIO,</strong></span> <span class='ocrx_word' id='word_1_132' title='bbox 3401 1474 3470 1525; x_wconf 89' lang='lat' dir='ltr'><strong>ut</strong></span> <span class='ocrx_word' id='word_1_133' title='bbox 3511 1465 3579 1526; x_wconf 90' lang='lat' dir='ltr'><strong>in</strong></span> <span class='ocrx_word' id='word_1_134' title='bbox 3648 1479 3847 1550; x_wconf 83' lang='lat' dir='ltr'><strong>gente</strong></span> 
     </span>
     <span class='ocr_line' id='line_1_22' title="bbox 2332 1553 3844 1647; baseline 0.005 -27"><span class='ocrx_word' id='word_1_135' title='bbox 2332 1553 2629 1620; x_wconf 87' lang='lat' dir='ltr'><strong>Claudia</strong></span> <span class='ocrx_word' id='word_1_136' title='bbox 2667 1556 3006 1622; x_wconf 57' lang='lat' dir='ltr'><strong>vidimus„</strong></span> <span class='ocrx_word' id='word_1_137' title='bbox 3084 1554 3288 1638; x_wconf 83' lang='lat' dir='ltr'><strong>Cujus</strong></span> <span class='ocrx_word' id='word_1_138' title='bbox 3320 1555 3397 1621; x_wconf 85' lang='lat' dir='ltr'><strong>fit</strong></span> <span class='ocrx_word' id='word_1_139' title='bbox 3440 1573 3649 1647; x_wconf 85' lang='lat' dir='ltr'><strong>caput</strong></span> <span class='ocrx_word' id='word_1_140' title='bbox 3694 1561 3844 1628; x_wconf 86' lang='lat' dir='ltr'><strong>bar-</strong></span> 
     </span>
     <span class='ocr_line' id='line_1_23' title="bbox 2330 1649 3846 1739; baseline 0.007 -26"><span class='ocrx_word' id='word_1_141' title='bbox 2330 1649 2566 1715; x_wconf 82' lang='lat' dir='ltr'><strong>batum</strong></span> <span class='ocrx_word' id='word_1_142' title='bbox 2604 1653 2788 1715; x_wconf 85' lang='lat' dir='ltr'><strong>numi</strong></span> <span class='ocrx_word' id='word_1_143' title='bbox 2844 1649 3200 1736; x_wconf 85' lang='lat' dir='ltr'><strong>postremi,</strong></span> <span class='ocrx_word' id='word_1_144' title='bbox 3272 1664 3339 1716; x_wconf 90' lang='lat' dir='ltr'><strong>et</strong></span> <span class='ocrx_word' id='word_1_145' title='bbox 3396 1675 3573 1739; x_wconf 83' lang='lat' dir='ltr'><strong>quae</strong></span> <span class='ocrx_word' id='word_1_146' title='bbox 3642 1660 3846 1724; x_wconf 81' lang='lat' dir='ltr'><strong>causa</strong></span> 
     </span>
     <span class='ocr_line' id='line_1_24' title="bbox 2327 1747 3847 1836; baseline 0.008 -26"><span class='ocrx_word' id='word_1_147' title='bbox 2327 1747 2612 1814; x_wconf 82' lang='lat' dir='ltr'><strong>insertae</strong></span> <span class='ocrx_word' id='word_1_148' title='bbox 2698 1748 2801 1812; x_wconf 90' lang='lat' dir='ltr'><strong>illi</strong></span> <span class='ocrx_word' id='word_1_149' title='bbox 2836 1748 3110 1814; x_wconf 85' lang='lat' dir='ltr'><strong>Dianae</strong></span> <span class='ocrx_word' id='word_1_150' title='bbox 3174 1747 3501 1836; x_wconf 80' lang='lat' dir='ltr'><strong>Ephesiae</strong></span> <span class='ocrx_word' id='word_1_151' title='bbox 3529 1798 3553 1833; x_wconf 86' lang='lat'><strong>,</strong></span> <span class='ocrx_word' id='word_1_152' title='bbox 3618 1755 3847 1822; x_wconf 83' lang='lat' dir='ltr'><strong>dicere</strong></span> 
     </span>
    </p>
   </div>
   <div class='ocr_carea' id='block_1_9' title="bbox 2321 1845 3118 1978">
    <p class='ocr_par' dir='ltr' id='par_1_10' title="bbox 2321 1845 3118 1978">
     <span class='ocr_line' id='line_1_25' title="bbox 2321 1845 2746 1913; baseline 0.009 -4"><span class='ocrx_word' id='word_1_153' title='bbox 2321 1864 2465 1911; x_wconf 91' lang='lat' dir='ltr'><strong>non</strong></span> <span class='ocrx_word' id='word_1_154' title='bbox 2492 1845 2746 1913; x_wconf 82' lang='lat' dir='ltr'><strong>habeo.</strong></span> 
     </span>
     <span class='ocr_line' id='line_1_26' title="bbox 3087 1943 3118 1978; baseline 0 -5"><span class='ocrx_word' id='word_1_155' title='bbox 3087 1943 3118 1978; x_wconf 56' lang='lat'>⁸</span> 
     </span>
    </p>
   </div>
   <div class='ocr_carea' id='block_1_10' title="bbox 2322 1991 3841 2210">
    <p class='ocr_par' dir='ltr' id='par_1_11' title="bbox 2322 1991 3841 2210">
     <span class='ocr_line' id='line_1_27' title="bbox 2420 1991 3669 2128; baseline 0.013 -30"><span class='ocrx_word' id='word_1_156' title='bbox 2420 2059 2447 2086; x_wconf 60' lang='grc' dir='ltr'><strong><em>ε</em></strong></span> <span class='ocrx_word' id='word_1_157' title='bbox 2612 1991 3121 2104; x_wconf 67' lang='lat' dir='ltr'><strong>AVGVSTVS.</strong></span> <span class='ocrx_word' id='word_1_158' title='bbox 3138 2065 3155 2104; x_wconf 88' lang='grc'><strong>·.</strong></span> <span class='ocrx_word' id='word_1_159' title='bbox 3174 1995 3385 2128; x_wconf 26' lang='lat' dir='ltr'><strong>cazat*</strong></span> <span class='ocrx_word' id='word_1_160' title='bbox 3416 2044 3669 2116; x_wconf 68' lang='lat' dir='ltr'><strong>mam.</strong></span> 
     </span>
     <span class='ocr_line' id='line_1_28' title="bbox 2322 2131 3841 2210; baseline 0.004 -14"><span class='ocrx_word' id='word_1_161' title='bbox 2322 2131 2405 2197; x_wconf 87' lang='lat' dir='ltr'><strong>L.</strong></span> <span class='ocrx_word' id='word_1_162' title='bbox 2447 2133 2952 2201; x_wconf 85' lang='lat' dir='ltr'><strong>LENTVLVS.</strong></span> <span class='ocrx_word' id='word_1_163' title='bbox 2998 2136 3405 2202; x_wconf 79' lang='lat' dir='ltr'><strong>FLAMEN.</strong></span> <span class='ocrx_word' id='word_1_164' title='bbox 3444 2143 3841 2210; x_wconf 83' lang='lat' dir='ltr'><strong>MARTIA.</strong></span> 
     </span>
    </p>
   </div>
   <div class='ocr_carea' id='block_1_11' title="bbox 714 2229 3839 2422">
    <p class='ocr_par' dir='ltr' id='par_1_12' title="bbox 714 2229 3839 2422">
     <span class='ocr_line' id='line_1_29' title="bbox 714 2229 3837 2327; baseline 0.001 -23"><span class='ocrx_word' id='word_1_165' title='bbox 714 2251 903 2304; x_wconf 85' lang='lat' dir='ltr'><strong>metu</strong></span> <span class='ocrx_word' id='word_1_166' title='bbox 936 2233 1211 2320; x_wconf 76' lang='lat' dir='ltr'><strong>profugi</strong></span> <span class='ocrx_word' id='word_1_167' title='bbox 1244 2234 1517 2299; x_wconf 82' lang='lat' dir='ltr'><strong>Italiam</strong></span> <span class='ocrx_word' id='word_1_168' title='bbox 1545 2233 1831 2319; x_wconf 79' lang='lat' dir='ltr'><strong>turpiter</strong></span> <span class='ocrx_word' id='word_1_169' title='bbox 1846 2232 2235 2318; x_wconf 74' lang='lat' dir='ltr'><strong>prodidere.</strong></span> <span class='ocrx_word' id='word_1_170' title='bbox 2321 2229 2488 2296; x_wconf 91' lang='lat' dir='ltr'><strong>LIS.</strong></span> <span class='ocrx_word' id='word_1_171' title='bbox 2546 2229 3049 2320; x_wconf 70' lang='lat' dir='ltr'><strong>Virfiminudus</strong></span> <span class='ocrx_word' id='word_1_172' title='bbox 3067 2236 3245 2327; x_wconf 73' lang='lat' dir='ltr'><strong>stans</strong></span> <span class='ocrx_word' id='word_1_173' title='bbox 3276 2235 3340 2301; x_wconf 81' lang='lat' dir='ltr'><strong>d.</strong></span> <span class='ocrx_word' id='word_1_174' title='bbox 3386 2237 3837 2323; x_wconf 60' lang='lat' dir='ltr'><strong>Victor-iotam,</strong></span> 
     </span>
     <span class='ocr_line' id='line_1_30' title="bbox 719 2323 3839 2422; baseline 0.002 -23"><span class='ocrx_word' id='word_1_175' title='bbox 719 2331 1025 2399; x_wconf 80' lang='lat' dir='ltr'><strong>Consulis</strong></span> <span class='ocrx_word' id='word_1_176' title='bbox 1059 2333 1124 2394; x_wconf 91' lang='lat' dir='ltr'><strong>in</strong></span> <span class='ocrx_word' id='word_1_177' title='bbox 1143 2330 1530 2417; x_wconf 83' lang='lat' dir='ltr'><strong>magistratu</strong></span> <span class='ocrx_word' id='word_1_178' title='bbox 1550 2329 1769 2393; x_wconf 89' lang='lat' dir='ltr'><strong>numis</strong></span> <span class='ocrx_word' id='word_1_179' title='bbox 1795 2327 2095 2413; x_wconf 86' lang='lat' dir='ltr'><strong>inscripti</strong></span> <span class='ocrx_word' id='word_1_180' title='bbox 2120 2350 2233 2393; x_wconf 85' lang='lat' dir='ltr'><strong>ra·</strong></span> <span class='ocrx_word' id='word_1_181' title='bbox 2300 2325 2367 2415; x_wconf 90' lang='lat' dir='ltr'><strong>s.</strong></span> <span class='ocrx_word' id='word_1_182' title='bbox 2400 2323 2630 2413; x_wconf 52' lang='lat' dir='ltr'><strong>Iustam</strong></span> <span class='ocrx_word' id='word_1_183' title='bbox 2664 2332 3008 2395; x_wconf 78' lang='lat' dir='ltr'><strong>imminente</strong></span> <span class='ocrx_word' id='word_1_184' title='bbox 3045 2334 3239 2417; x_wconf 77' lang='lat' dir='ltr'><strong>capiti</strong></span> <span class='ocrx_word' id='word_1_185' title='bbox 3289 2334 3491 2422; x_wconf 74' lang='lat' dir='ltr'><strong>astro,</strong></span> <span class='ocrx_word' id='word_1_186' title='bbox 3565 2358 3839 2405; x_wconf 74' lang='lat' dir='ltr'><strong>corona·</strong></span> 
     </span>
    </p>
   </div>
   <div class='ocr_carea' id='block_1_12' title="bbox 702 2423 2232 3182">
    <p class='ocr_par' dir='ltr' id='par_1_13' title="bbox 702 2423 2232 3182">
     <span class='ocr_line' id='line_1_31' title="bbox 711 2423 2231 2512; baseline -0.002 -19"><span class='ocrx_word' id='word_1_187' title='bbox 711 2450 861 2493; x_wconf 89' lang='lat' dir='ltr'><strong>rum</strong></span> <span class='ocrx_word' id='word_1_188' title='bbox 909 2426 1113 2491; x_wconf 81' lang='lat' dir='ltr'><strong>stante</strong></span> <span class='ocrx_word' id='word_1_189' title='bbox 1166 2445 1309 2510; x_wconf 82' lang='lat' dir='ltr'><strong>rep.</strong></span> <span class='ocrx_word' id='word_1_190' title='bbox 1359 2425 1774 2512; x_wconf 80' lang='lat' dir='ltr'><strong>exemplum.</strong></span> <span class='ocrx_word' id='word_1_191' title='bbox 1891 2423 2231 2490; x_wconf 84' lang='lat' dir='ltr'><strong>Verifimi-</strong></span> 
     </span>
     <span class='ocr_line' id='line_1_32' title="bbox 710 2521 2232 2608; baseline -0.008 -19"><span class='ocrx_word' id='word_1_192' title='bbox 710 2525 779 2589; x_wconf 92' lang='lat' dir='ltr'><strong>le</strong></span> <span class='ocrx_word' id='word_1_193' title='bbox 810 2526 972 2600; x_wconf 75' lang='lat' dir='ltr'><strong>ess&#39;e,</strong></span> <span class='ocrx_word' id='word_1_194' title='bbox 1027 2523 1156 2586; x_wconf 86' lang='lat' dir='ltr'><strong>hos</strong></span> <span class='ocrx_word' id='word_1_195' title='bbox 1213 2523 1531 2588; x_wconf 81' lang='lat' dir='ltr'><strong>denarios</strong></span> <span class='ocrx_word' id='word_1_196' title='bbox 1588 2521 1878 2606; x_wconf 81' lang='lat' dir='ltr'><strong>fignatos</strong></span> <span class='ocrx_word' id='word_1_197' title='bbox 1947 2522 2232 2608; x_wconf 72' lang='lat' dir='ltr'><strong>Apollo.</strong></span> 
     </span>
     <span class='ocr_line' id='line_1_33' title="bbox 707 2618 2098 2704; baseline -0.001 -17"><span class='ocrx_word' id='word_1_198' title='bbox 707 2623 867 2688; x_wconf 81' lang='lat' dir='ltr'><strong>niae</strong></span> <span class='ocrx_word' id='word_1_199' title='bbox 919 2618 1177 2703; x_wconf 85' lang='lat' dir='ltr'><strong>lllyrici</strong></span> <span class='ocrx_word' id='word_1_200' title='bbox 1273 2620 1418 2681; x_wconf 79' lang='lat' dir='ltr'><strong>dixi</strong></span> <span class='ocrx_word' id='word_1_201' title='bbox 1456 2618 1653 2703; x_wconf 88' lang='lat' dir='ltr'><strong>supra</strong></span> <span class='ocrx_word' id='word_1_202' title='bbox 1685 2619 1911 2704; x_wconf 82' lang='lat' dir='ltr'><strong>capite</strong></span> <span class='ocrx_word' id='word_1_203' title='bbox 1941 2619 2098 2686; x_wconf 67' lang='lat' dir='ltr'><strong>vm</strong></span> 
     </span>
     <span class='ocr_line' id='line_1_34' title="bbox 804 2664 2228 2801; baseline -0.001 -19"><span class='ocrx_word' id='word_1_204' title='bbox 804 2716 1179 2783; x_wconf 87' lang='lat' dir='ltr'><strong>Denarium</strong></span> <span class='ocrx_word' id='word_1_205' title='bbox 1199 2664 1271 2781; x_wconf 47' lang='grc' dir='ltr'><strong>ἲ.</strong></span> <span class='ocrx_word' id='word_1_206' title='bbox 1312 2715 1727 2801; x_wconf 81' lang='lat' dir='ltr'><strong>explicatum</strong></span> <span class='ocrx_word' id='word_1_207' title='bbox 1777 2715 1938 2779; x_wconf 83' lang='lat' dir='ltr'><strong>vide</strong></span> <span class='ocrx_word' id='word_1_208' title='bbox 1977 2715 2047 2777; x_wconf 89' lang='lat' dir='ltr'><strong>in</strong></span> <span class='ocrx_word' id='word_1_209' title='bbox 2071 2737 2228 2800; x_wconf 85' lang='lat' dir='ltr'><strong>gen·</strong></span> 
     </span>
     <span class='ocr_line' id='line_1_35' title="bbox 705 2810 2227 2881; baseline -0.003 0"><span class='ocrx_word' id='word_1_210' title='bbox 705 2828 776 2881; x_wconf 82' lang='lat' dir='ltr'><strong>te</strong></span> <span class='ocrx_word' id='word_1_211' title='bbox 817 2815 1049 2880; x_wconf 82' lang='lat' dir='ltr'><strong>Neria.</strong></span> <span class='ocrx_word' id='word_1_212' title='bbox 1151 2813 1361 2876; x_wconf 84' lang='lat' dir='ltr'><strong>Numi</strong></span> <span class='ocrx_word' id='word_1_213' title='bbox 1391 2811 1482 2875; x_wconf 93' lang='lat'><strong>11.</strong></span> <span class='ocrx_word' id='word_1_214' title='bbox 1522 2823 1588 2873; x_wconf 87' lang='lat' dir='ltr'><strong>et</strong></span> <span class='ocrx_word' id='word_1_215' title='bbox 1625 2810 1744 2874; x_wconf 93' lang='lat'><strong>111.</strong></span> <span class='ocrx_word' id='word_1_216' title='bbox 1790 2811 2095 2875; x_wconf 73' lang='lat' dir='ltr'><strong>Siciliam</strong></span> <span class='ocrx_word' id='word_1_217' title='bbox 2126 2832 2227 2877; x_wconf 86' lang='lat' dir='ltr'><strong>re·</strong></span> 
     </span>
     <span class='ocr_line' id='line_1_36' title="bbox 702 2907 2227 2998; baseline -0.003 -21"><span class='ocrx_word' id='word_1_218' title='bbox 702 2913 1011 2998; x_wconf 79' lang='lat' dir='ltr'><strong>spiciunt.</strong></span> <span class='ocrx_word' id='word_1_219' title='bbox 1110 2909 1287 2972; x_wconf 88' lang='lat' dir='ltr'><strong>Eam</strong></span> <span class='ocrx_word' id='word_1_220' title='bbox 1334 2919 1515 2970; x_wconf 84' lang='lat' dir='ltr'><strong>certe</strong></span> <span class='ocrx_word' id='word_1_221' title='bbox 1583 2907 1842 2970; x_wconf 84' lang='lat' dir='ltr'><strong>indicat</strong></span> <span class='ocrx_word' id='word_1_222' title='bbox 1892 2908 2227 2990; x_wconf 82' lang='lat' dir='ltr'><strong>triquetra</strong></span> 
     </span>
     <span class='ocr_line' id='line_1_37' title="bbox 702 3001 2225 3083; baseline -0.002 -11"><span class='ocrx_word' id='word_1_223' title='bbox 702 3020 944 3073; x_wconf 85' lang='lat' dir='ltr'><strong>notum</strong></span> <span class='ocrx_word' id='word_1_224' title='bbox 1008 3003 1261 3068; x_wconf 89' lang='lat' dir='ltr'><strong>insulae</strong></span> <span class='ocrx_word' id='word_1_225' title='bbox 1328 3001 1729 3083; x_wconf 84' lang='lat' dir='ltr'><strong>symbolum.</strong></span> <span class='ocrx_word' id='word_1_226' title='bbox 1863 3003 2225 3069; x_wconf 85' lang='lat' dir='ltr'><strong>Adsentior</strong></span> 
     </span>
     <span class='ocr_line' id='line_1_38' title="bbox 704 3100 2225 3182; baseline -0.002 -15"><span class='ocrx_word' id='word_1_227' title='bbox 704 3105 913 3169; x_wconf 73' lang='lat' dir='ltr'><strong>etiam</strong></span> <span class='ocrx_word' id='word_1_228' title='bbox 969 3101 1497 3181; x_wconf 82' lang='lat' dir='ltr'><strong>Havercampo‚</strong></span> <span class='ocrx_word' id='word_1_229' title='bbox 1551 3101 1667 3182; x_wconf 89' lang='lat' dir='ltr'><strong>qui</strong></span> <span class='ocrx_word' id='word_1_230' title='bbox 1741 3100 1809 3163; x_wconf 87' lang='lat' dir='ltr'><strong>in</strong></span> <span class='ocrx_word' id='word_1_231' title='bbox 1864 3118 2071 3163; x_wconf 88' lang='lat' dir='ltr'><strong>numo</strong></span> <span class='ocrx_word' id='word_1_232' title='bbox 2138 3102 2225 3173; x_wconf 86' lang='lat'><strong>11.</strong></span> 
     </span>
    </p>
   </div>
   <div class='ocr_carea' id='block_1_13' title="bbox 2316 2422 3842 2587">
    <p class='ocr_par' dir='ltr' id='par_1_14' title="bbox 2316 2422 3842 2587">
     <span class='ocr_line' id='line_1_39' title="bbox 2317 2422 3842 2516; baseline 0.01 -28"><span class='ocrx_word' id='word_1_233' title='bbox 2317 2434 2430 2493; x_wconf 72' lang='lat' dir='ltr'><strong>tur,</strong></span> <span class='ocrx_word' id='word_1_234' title='bbox 2462 2422 2545 2490; x_wconf 78' lang='lat' dir='ltr'><strong>ab</strong></span> <span class='ocrx_word' id='word_1_235' title='bbox 2585 2425 2861 2514; x_wconf 63' lang='lat' dir='ltr'><strong>afflante</strong></span> <span class='ocrx_word' id='word_1_236' title='bbox 2905 2429 3048 2492; x_wconf 79' lang='lat' dir='ltr'><strong>uiro</strong></span> <span class='ocrx_word' id='word_1_237' title='bbox 3077 2437 3303 2515; x_wconf 80' lang='lat' dir='ltr'><strong>togato</strong></span> <span class='ocrx_word' id='word_1_238' title='bbox 3356 2431 3624 2516; x_wconf 62' lang='lat' dir='ltr'><strong>clypeum</strong></span> <span class='ocrx_word' id='word_1_239' title='bbox 3664 2435 3842 2503; x_wconf 61' lang='lat' dir='ltr'><strong>nme</strong></span> 
     </span>
     <span class='ocr_line' id='line_1_40' title="bbox 2316 2523 3009 2587; baseline 0.001 -1"><span class='ocrx_word' id='word_1_240' title='bbox 2316 2531 2645 2586; x_wconf 62' lang='lat' dir='ltr'><strong>attinente:</strong></span> <span class='ocrx_word' id='word_1_241' title='bbox 2737 2523 2884 2587; x_wconf 87' lang='lat' dir='ltr'><strong>AR.</strong></span> <span class='ocrx_word' id='word_1_242' title='bbox 2927 2525 3009 2587; x_wconf 72' lang='lat' dir='ltr'><strong>R‘.</strong></span> 
     </span>
    </p>
   </div>
   <div class='ocr_carea' id='block_1_14' title="bbox 2307 2616 3839 3192">
    <p class='ocr_par' dir='ltr' id='par_1_15' title="bbox 2307 2616 3839 3192">
     <span class='ocr_line' id='line_1_41' title="bbox 2409 2616 3837 2709; baseline 0.011 -29"><span class='ocrx_word' id='word_1_243' title='bbox 2409 2616 2766 2682; x_wconf 79' lang='lat' dir='ltr'><strong>Existimat</strong></span> <span class='ocrx_word' id='word_1_244' title='bbox 2844 2620 3361 2709; x_wconf 77' lang='lat' dir='ltr'><strong>Havercampus</strong></span> <span class='ocrx_word' id='word_1_245' title='bbox 3401 2671 3422 2702; x_wconf 88' lang='lat'>‚</span> <span class='ocrx_word' id='word_1_246' title='bbox 3522 2626 3837 2696; x_wconf 85' lang='lat' dir='ltr'><strong>exhiberi</strong></span> 
     </span>
     <span class='ocr_line' id='line_1_42' title="bbox 2310 2712 3831 2805; baseline 0.01 -28"><span class='ocrx_word' id='word_1_247' title='bbox 2310 2712 3091 2796; x_wconf 81' lang='lat' dir='ltr'><strong>Lentulumssaminem,</strong></span> <span class='ocrx_word' id='word_1_248' title='bbox 3143 2720 3260 2804; x_wconf 87' lang='lat' dir='ltr'><strong>qui</strong></span> <span class='ocrx_word' id='word_1_249' title='bbox 3292 2720 3565 2805; x_wconf 80' lang='lat' dir='ltr'><strong>Augusti</strong></span> <span class='ocrx_word' id='word_1_250' title='bbox 3613 2730 3831 2791; x_wconf 89' lang='lat' dir='ltr'><strong>nomi·</strong></span> 
     </span>
     <span class='ocr_line' id='line_1_43' title="bbox 2313 2810 3839 2908; baseline 0.008 -31"><span class='ocrx_word' id='word_1_251' title='bbox 2313 2831 2397 2877; x_wconf 82' lang='lat' dir='ltr'><strong>ne</strong></span> <span class='ocrx_word' id='word_1_252' title='bbox 2443 2810 2823 2885; x_wconf 82' lang='lat' dir='ltr'><strong>statuaml.</strong></span> <span class='ocrx_word' id='word_1_253' title='bbox 2862 2812 3211 2891; x_wconf 85' lang='lat' dir='ltr'><strong>Caesaris,</strong></span> <span class='ocrx_word' id='word_1_254' title='bbox 3265 2822 3455 2899; x_wconf 70' lang='lat' dir='ltr'><strong>cujus</strong></span> <span class='ocrx_word' id='word_1_255' title='bbox 3492 2824 3699 2908; x_wconf 86' lang='lat' dir='ltr'><strong>capiti</strong></span> <span class='ocrx_word' id='word_1_256' title='bbox 3720 2824 3839 2888; x_wconf 83' lang='lat' dir='ltr'><strong>Iu-</strong></span> 
     </span>
     <span class='ocr_line' id='line_1_44' title="bbox 2308 2906 3829 2998; baseline 0.01 -29"><span class='ocrx_word' id='word_1_257' title='bbox 2308 2906 2475 2970; x_wconf 89' lang='lat' dir='ltr'><strong>lium</strong></span> <span class='ocrx_word' id='word_1_258' title='bbox 2514 2909 2686 2971; x_wconf 79' lang='lat' dir='ltr'><strong>lidus</strong></span> <span class='ocrx_word' id='word_1_259' title='bbox 2728 2911 3035 2972; x_wconf 83' lang='lat' dir='ltr'><strong>imminet</strong></span> <span class='ocrx_word' id='word_1_260' title='bbox 3068 2957 3089 2985; x_wconf 83' lang='lat'>‚</span> <span class='ocrx_word' id='word_1_261' title='bbox 3142 2912 3210 2973; x_wconf 86' lang='lat' dir='ltr'><strong>in</strong></span> <span class='ocrx_word' id='word_1_262' title='bbox 3248 2916 3505 2998; x_wconf 89' lang='lat' dir='ltr'><strong>templo</strong></span> <span class='ocrx_word' id='word_1_263' title='bbox 3576 2919 3829 2984; x_wconf 78' lang='lat' dir='ltr'><strong>Martis</strong></span> 
     </span>
     <span class='ocr_line' id='line_1_45' title="bbox 2307 3003 3826 3095; baseline 0.005 -30"><span class='ocrx_word' id='word_1_264' title='bbox 2307 3003 2566 3067; x_wconf 85' lang='lat' dir='ltr'><strong>Vltoris</strong></span> <span class='ocrx_word' id='word_1_265' title='bbox 2608 3004 2885 3068; x_wconf 86' lang='lat' dir='ltr'><strong>dedicat</strong></span> <span class='ocrx_word' id='word_1_266' title='bbox 2922 3018 3153 3070; x_wconf 84' lang='lat' dir='ltr'><strong>tenens</strong></span> <span class='ocrx_word' id='word_1_267' title='bbox 3186 3007 3253 3070; x_wconf 91' lang='lat' dir='ltr'><strong>d.</strong></span> <span class='ocrx_word' id='word_1_268' title='bbox 3297 3011 3610 3095; x_wconf 84' lang='lat' dir='ltr'><strong>clypeum</strong></span> <span class='ocrx_word' id='word_1_269' title='bbox 3647 3017 3826 3081; x_wconf 86' lang='lat' dir='ltr'><strong>voti.</strong></span> 
     </span>
     <span class='ocr_line' id='line_1_46' title="bbox 2307 3101 3827 3192; baseline 0.013 -32"><span class='ocrx_word' id='word_1_270' title='bbox 2307 3118 2492 3163; x_wconf 80' lang='lat' dir='ltr'><strong>vum.</strong></span> <span class='ocrx_word' id='word_1_271' title='bbox 2594 3101 2786 3163; x_wconf 86' lang='lat' dir='ltr'><strong>Haec</strong></span> <span class='ocrx_word' id='word_1_272' title='bbox 2819 3101 3005 3166; x_wconf 86' lang='lat' dir='ltr'><strong>nullo</strong></span> <span class='ocrx_word' id='word_1_273' title='bbox 3051 3114 3239 3166; x_wconf 86' lang='lat' dir='ltr'><strong>certo</strong></span> <span class='ocrx_word' id='word_1_274' title='bbox 3300 3124 3699 3192; x_wconf 79' lang='lat' dir='ltr'><strong>argumento</strong></span> <span class='ocrx_word' id='word_1_275' title='bbox 3729 3114 3827 3179; x_wconf 79' lang='lat' dir='ltr'><strong>Ia·</strong></span> 
     </span>
    </p>
   </div>
   <div class='ocr_carea' id='block_1_15' title="bbox 702 3193 3824 3295">
    <p class='ocr_par' dir='ltr' id='par_1_16' title="bbox 702 3193 3824 3295">
     <span class='ocr_line' id='line_1_47' title="bbox 702 3193 3824 3295; baseline 0.004 -40"><span class='ocrx_word' id='word_1_276' title='bbox 702 3213 913 3282; x_wconf 72' lang='lat' dir='ltr'><strong>caput</strong></span> <span class='ocrx_word' id='word_1_277' title='bbox 943 3193 1232 3275; x_wconf 82' lang='lat' dir='ltr'><strong>juvenile</strong></span> <span class='ocrx_word' id='word_1_278' title='bbox 1279 3193 1620 3277; x_wconf 80' lang='lat' dir='ltr'><strong>promissis</strong></span> <span class='ocrx_word' id='word_1_279' title='bbox 1659 3195 1926 3279; x_wconf 85' lang='lat' dir='ltr'><strong>capillis</strong></span> <span class='ocrx_word' id='word_1_280' title='bbox 1962 3195 2219 3263; x_wconf 76' lang='lat' dir='ltr'><strong>ciselo·</strong></span> <span class='ocrx_word' id='word_1_281' title='bbox 2304 3195 2390 3257; x_wconf 88' lang='lat' dir='ltr'><strong>tis</strong></span> <span class='ocrx_word' id='word_1_282' title='bbox 2432 3195 2751 3279; x_wconf 85' lang='lat' dir='ltr'><strong>probata,</strong></span> <span class='ocrx_word' id='word_1_283' title='bbox 2805 3197 2920 3279; x_wconf 90' lang='lat' dir='ltr'><strong>qui</strong></span> <span class='ocrx_word' id='word_1_284' title='bbox 2951 3197 3178 3276; x_wconf 85' lang='lat' dir='ltr'><strong>volet,</strong></span> <span class='ocrx_word' id='word_1_285' title='bbox 3234 3204 3486 3267; x_wconf 80' lang='lat' dir='ltr'><strong>eredat.</strong></span> <span class='ocrx_word' id='word_1_286' title='bbox 3589 3208 3824 3295; x_wconf 77' lang='lat' dir='ltr'><strong>Expli-</strong></span> 
     </span>
    </p>
   </div>
   <div class='ocr_carea' id='block_1_16' title="bbox 697 3290 2219 3376">
    <p class='ocr_par' dir='ltr' id='par_1_17' title="bbox 697 3290 2219 3376">
     <span class='ocr_line' id='line_1_48' title="bbox 697 3290 2219 3376; baseline -0.001 -18"><span class='ocrx_word' id='word_1_287' title='bbox 697 3296 812 3359; x_wconf 81' lang='lat' dir='ltr'><strong>vis</strong></span> <span class='ocrx_word' id='word_1_288' title='bbox 855 3291 1187 3366; x_wconf 79' lang='lat' dir='ltr'><strong>Hellenii,</strong></span> <span class='ocrx_word' id='word_1_289' title='bbox 1240 3302 1308 3352; x_wconf 90' lang='lat' dir='ltr'><strong>et</strong></span> <span class='ocrx_word' id='word_1_290' title='bbox 1376 3290 1609 3361; x_wconf 68' lang='lat' dir='ltr'><strong>[ovem</strong></span> <span class='ocrx_word' id='word_1_291' title='bbox 1678 3291 1897 3376; x_wconf 82' lang='lat' dir='ltr'><strong>partis</strong></span> <span class='ocrx_word' id='word_1_292' title='bbox 1942 3291 2219 3359; x_wconf 84' lang='lat' dir='ltr'><strong>aversae</strong></span> 
     </span>
    </p>
   </div>
   <div class='ocr_carea' id='block_1_17' title="bbox 2305 3293 3822 3389">
    <p class='ocr_par' dir='ltr' id='par_1_18' title="bbox 2305 3293 3822 3389">
     <span class='ocr_line' id='line_1_49' title="bbox 2305 3293 3822 3389; baseline 0.011 -35"><span class='ocrx_word' id='word_1_293' title='bbox 2305 3293 2680 3368; x_wconf 66' lang='lat' dir='ltr'><strong>certionem,</strong></span> <span class='ocrx_word' id='word_1_294' title='bbox 2734 3311 2869 3375; x_wconf 85' lang='lat' dir='ltr'><strong>qua</strong></span> <span class='ocrx_word' id='word_1_295' title='bbox 2905 3293 3067 3356; x_wconf 86' lang='lat' dir='ltr'><strong>mihi</strong></span> <span class='ocrx_word' id='word_1_296' title='bbox 3111 3294 3524 3362; x_wconf 82' lang='lat' dir='ltr'><strong>satissactum</strong></span> <span class='ocrx_word' id='word_1_297' title='bbox 3566 3317 3822 3389; x_wconf 80' lang='lat' dir='ltr'><strong>putem,</strong></span> 
     </span>
    </p>
   </div>
   <div class='ocr_carea' id='block_1_18' title="bbox 692 3387 3829 3711">
    <p class='ocr_par' dir='ltr' id='par_1_19' title="bbox 692 3387 3829 3670">
     <span class='ocr_line' id='line_1_50' title="bbox 696 3387 3825 3484; baseline 0.004 -32"><span class='ocrx_word' id='word_1_298' title='bbox 696 3388 1162 3457; x_wconf 82' lang='lat' dir='ltr'><strong>Eleutherium</strong></span> <span class='ocrx_word' id='word_1_299' title='bbox 1196 3387 1456 3449; x_wconf 86' lang='lat' dir='ltr'><strong>erudite</strong></span> <span class='ocrx_word' id='word_1_300' title='bbox 1494 3390 1807 3467; x_wconf 78' lang='lat' dir='ltr'><strong>conjicit,</strong></span> <span class='ocrx_word' id='word_1_301' title='bbox 1854 3406 1990 3471; x_wconf 89' lang='lat' dir='ltr'><strong>quo</strong></span> <span class='ocrx_word' id='word_1_302' title='bbox 2034 3401 2216 3453; x_wconf 87' lang='lat' dir='ltr'><strong>utro·</strong></span> <span class='ocrx_word' id='word_1_303' title='bbox 2298 3387 2564 3473; x_wconf 85' lang='lat' dir='ltr'><strong>praesto</strong></span> <span class='ocrx_word' id='word_1_304' title='bbox 2601 3389 2737 3473; x_wconf 88' lang='lat' dir='ltr'><strong>ipse</strong></span> <span class='ocrx_word' id='word_1_305' title='bbox 2784 3406 2919 3452; x_wconf 84' lang='lat' dir='ltr'><strong>non</strong></span> <span class='ocrx_word' id='word_1_306' title='bbox 2960 3389 3209 3453; x_wconf 83' lang='lat' dir='ltr'><strong>habeo.</strong></span> <span class='ocrx_word' id='word_1_307' title='bbox 3314 3396 3392 3462; x_wconf 76' lang='lat'><strong>1..</strong></span> <span class='ocrx_word' id='word_1_308' title='bbox 3432 3396 3825 3484; x_wconf 75' lang='lat' dir='ltr'><strong>Lentulum,</strong></span> 
     </span>
     <span class='ocr_line' id='line_1_51' title="bbox 696 3481 3829 3571; baseline 0.005 -22"><span class='ocrx_word' id='word_1_309' title='bbox 696 3507 831 3571; x_wconf 85' lang='lat' dir='ltr'><strong>que</strong></span> <span class='ocrx_word' id='word_1_310' title='bbox 861 3486 1132 3549; x_wconf 86' lang='lat' dir='ltr'><strong>nomine</strong></span> <span class='ocrx_word' id='word_1_311' title='bbox 1161 3482 1395 3547; x_wconf 87' lang='lat' dir='ltr'><strong>Iovem</strong></span> <span class='ocrx_word' id='word_1_312' title='bbox 1414 3481 1757 3566; x_wconf 83' lang='lat' dir='ltr'><strong>Syracusis</strong></span> <span class='ocrx_word' id='word_1_313' title='bbox 1790 3484 2038 3548; x_wconf 83' lang='lat' dir='ltr'><strong>eximie</strong></span> <span class='ocrx_word' id='word_1_314' title='bbox 2078 3488 2217 3549; x_wconf 83' lang='lat' dir='ltr'><strong>cul·</strong></span> <span class='ocrx_word' id='word_1_315' title='bbox 2297 3482 2513 3548; x_wconf 84' lang='lat' dir='ltr'><strong>filium</strong></span> <span class='ocrx_word' id='word_1_316' title='bbox 2545 3485 2870 3570; x_wconf 81' lang='lat' dir='ltr'><strong>flaminis,</strong></span> <span class='ocrx_word' id='word_1_317' title='bbox 2943 3484 3077 3549; x_wconf 84' lang='lat' dir='ltr'><strong>hoc</strong></span> <span class='ocrx_word' id='word_1_318' title='bbox 3142 3486 3364 3555; x_wconf 81' lang='lat' dir='ltr'><strong>nostro</strong></span> <span class='ocrx_word' id='word_1_319' title='bbox 3433 3494 3829 3568; x_wconf 69' lang='lat' dir='ltr'><strong>vetustioris</strong></span> 
     </span>
     <span class='ocr_line' id='line_1_52' title="bbox 692 3578 3402 3670; baseline 0.001 -23"><span class='ocrx_word' id='word_1_320' title='bbox 692 3594 841 3648; x_wconf 82' lang='lat' dir='ltr'><strong>tum</strong></span> <span class='ocrx_word' id='word_1_321' title='bbox 887 3603 974 3645; x_wconf 82' lang='lat' dir='ltr'><strong>ex</strong></span> <span class='ocrx_word' id='word_1_322' title='bbox 1013 3581 1249 3645; x_wconf 82' lang='lat' dir='ltr'><strong>harum</strong></span> <span class='ocrx_word' id='word_1_323' title='bbox 1275 3581 1492 3642; x_wconf 88' lang='lat' dir='ltr'><strong>numis</strong></span> <span class='ocrx_word' id='word_1_324' title='bbox 1533 3578 1812 3645; x_wconf 81' lang='lat' dir='ltr'><strong>constat.</strong></span> <span class='ocrx_word' id='word_1_325' title='bbox 1916 3585 2003 3644; x_wconf 85' lang='lat' dir='ltr'><strong>At</strong></span> <span class='ocrx_word' id='word_1_326' title='bbox 2025 3588 2213 3664; x_wconf 86' lang='lat' dir='ltr'><strong>quod</strong></span> <span class='ocrx_word' id='word_1_327' title='bbox 2295 3584 2568 3670; x_wconf 86' lang='lat' dir='ltr'><strong>utique,</strong></span> <span class='ocrx_word' id='word_1_328' title='bbox 2619 3594 2959 3647; x_wconf 86' lang='lat' dir='ltr'><strong>memorat</strong></span> <span class='ocrx_word' id='word_1_329' title='bbox 3017 3580 3281 3649; x_wconf 86' lang='lat' dir='ltr'><strong>Cicero.</strong></span> <span class='ocrx_word' id='word_1_330' title='bbox 3335 3585 3402 3669; x_wconf 78' lang='lat'><strong>⁸)</strong></span> 
     </span>
    </p>

    <p class='ocr_par' dir='ltr' id='par_1_20' title="bbox 3031 3677 3062 3711">
     <span class='ocr_line' id='line_1_53' title="bbox 3031 3677 3062 3711; baseline 0 -6"><span class='ocrx_word' id='word_1_331' title='bbox 3031 3677 3062 3711; x_wconf 51' lang='lat' dir='ltr'>ff</span> 
     </span>
    </p>
   </div>
   <div class='ocr_carea' id='block_1_19' title="bbox 675 3673 2210 3763">
    <p class='ocr_par' dir='ltr' id='par_1_21' title="bbox 675 3673 2210 3763">
     <span class='ocr_line' id='line_1_54' title="bbox 675 3673 2210 3763; baseline -0.005 -20"><span class='ocrx_word' id='word_1_332' title='bbox 675 3680 878 3743; x_wconf 71' lang='lat' dir='ltr'><strong>idem</strong></span> <span class='ocrx_word' id='word_1_333' title='bbox 915 3678 1180 3741; x_wconf 86' lang='lat' dir='ltr'><strong>literam</strong></span> <span class='ocrx_word' id='word_1_334' title='bbox 1220 3673 1285 3758; x_wconf 85' lang='lat' dir='ltr'><strong>Q</strong></span> <span class='ocrx_word' id='word_1_335' title='bbox 1344 3674 1472 3739; x_wconf 76' lang='lat' dir='ltr'><strong>ess&#39;e</strong></span> <span class='ocrx_word' id='word_1_336' title='bbox 1520 3690 1716 3741; x_wconf 83' lang='lat' dir='ltr'><strong>vetus</strong></span> <span class='ocrx_word' id='word_1_337' title='bbox 1763 3676 1942 3763; x_wconf 75' lang='lat' dir='ltr'><strong>Koph</strong></span> <span class='ocrx_word' id='word_1_338' title='bbox 1992 3678 2210 3746; x_wconf 81' lang='lat' dir='ltr'><strong>Phoe.</strong></span> 
     </span>
    </p>
   </div>
   <div class='ocr_carea' id='block_1_20' title="bbox 690 3727 3059 3858">
    <p class='ocr_par' dir='ltr' id='par_1_22' title="bbox 690 3727 3059 3858">
     <span class='ocr_line' id='line_1_55' title="bbox 690 3727 3059 3858; baseline 0.001 -20"><span class='ocrx_word' id='word_1_339' title='bbox 690 3778 945 3839; x_wconf 82' lang='lat' dir='ltr'><strong>nicium</strong></span> <span class='ocrx_word' id='word_1_340' title='bbox 985 3774 1257 3852; x_wconf 84' lang='lat' dir='ltr'><strong>conjicit</strong></span> <span class='ocrx_word' id='word_1_341' title='bbox 1282 3818 1301 3848; x_wconf 88' lang='lat'>,</span> <span class='ocrx_word' id='word_1_342' title='bbox 1355 3772 1775 3857; x_wconf 67' lang='lat' dir='ltr'><strong>politumque</strong></span> <span class='ocrx_word' id='word_1_343' title='bbox 1813 3777 1879 3849; x_wconf 84' lang='lat' dir='ltr'><strong>in</strong></span> <span class='ocrx_word' id='word_1_344' title='bbox 1923 3775 2056 3839; x_wconf 89' lang='lat' dir='ltr'><strong>hoc</strong></span> <span class='ocrx_word' id='word_1_345' title='bbox 2091 3798 2207 3840; x_wconf 88' lang='lat' dir='ltr'><strong>nu·</strong></span> <span class='ocrx_word' id='word_1_346' title='bbox 2291 3774 2590 3841; x_wconf 73' lang='lat' dir='ltr'><strong>Lentulus</strong></span> <span class='ocrx_word' id='word_1_347' title='bbox 2628 3727 2950 3858; x_wconf 51' lang='lat' dir='ltr'><strong>Spinthtr.</strong></span> <span class='ocrx_word' id='word_1_348' title='bbox 3052 3822 3059 3829; x_wconf 36' lang='grc' dir='ltr'><em>ψ</em></span> 
     </span>
    </p>
   </div>
   <div class='ocr_carea' id='block_1_21' title="bbox 689 3869 2206 4054">
    <p class='ocr_par' dir='ltr' id='par_1_23' title="bbox 689 3869 2206 4054">
     <span class='ocr_line' id='line_1_56' title="bbox 689 3869 2205 3952; baseline -0.006 -15"><span class='ocrx_word' id='word_1_349' title='bbox 689 3891 810 3937; x_wconf 82' lang='lat' dir='ltr'><strong>mo</strong></span> <span class='ocrx_word' id='word_1_350' title='bbox 852 3874 940 3935; x_wconf 85' lang='lat' dir='ltr'><strong>ad</strong></span> <span class='ocrx_word' id='word_1_351' title='bbox 981 3870 1417 3933; x_wconf 83' lang='lat' dir='ltr'><strong>indicandam</strong></span> <span class='ocrx_word' id='word_1_352' title='bbox 1461 3869 1943 3952; x_wconf 85' lang='lat' dir='ltr'><strong>Syracusarum</strong></span> <span class='ocrx_word' id='word_1_353' title='bbox 1993 3890 2035 3934; x_wconf 83' lang='lat' dir='ltr'><strong>a</strong></span> <span class='ocrx_word' id='word_1_354' title='bbox 2077 3871 2205 3937; x_wconf 92' lang='lat' dir='ltr'><strong>Co.</strong></span> 
     </span>
     <span class='ocr_line' id='line_1_57' title="bbox 689 3966 2206 4054; baseline -0.006 -22"><span class='ocrx_word' id='word_1_355' title='bbox 689 3968 920 4033; x_wconf 82' lang='lat' dir='ltr'><strong>rintho</strong></span> <span class='ocrx_word' id='word_1_356' title='bbox 956 3976 1246 4030; x_wconf 82' lang='lat' dir='ltr'><strong>tractam</strong></span> <span class='ocrx_word' id='word_1_357' title='bbox 1288 3966 1639 4051; x_wconf 84' lang='lat' dir='ltr'><strong>originem,</strong></span> <span class='ocrx_word' id='word_1_358' title='bbox 1694 3967 1760 4039; x_wconf 83' lang='lat' dir='ltr'><strong>id</strong></span> <span class='ocrx_word' id='word_1_359' title='bbox 1790 3967 2065 4054; x_wconf 75' lang='lat' dir='ltr'><strong>,longius</strong></span> <span class='ocrx_word' id='word_1_360' title='bbox 2101 3990 2206 4033; x_wconf 72' lang='lat' dir='ltr'><strong>ar.</strong></span> 
     </span>
    </p>
   </div>
   <div class='ocr_carea' id='block_1_22' title="bbox 2580 3870 3824 4055">
    <p class='ocr_par' dir='ltr' id='par_1_24' title="bbox 2580 3870 3824 4055">
     <span class='ocr_line' id='line_1_58' title="bbox 2583 3870 3824 3970; baseline 0.016 -37"><span class='ocrx_word' id='word_1_361' title='bbox 2583 3870 2784 3955; x_wconf 78' lang='lat' dir='ltr'><strong>Caput</strong></span> <span class='ocrx_word' id='word_1_362' title='bbox 2865 3870 3096 3937; x_wconf 79' lang='lat' dir='ltr'><strong>nudum</strong></span> <span class='ocrx_word' id='word_1_363' title='bbox 3174 3871 3512 3945; x_wconf 73' lang='lat' dir='ltr'><strong>barbatum</strong></span> <span class='ocrx_word' id='word_1_364' title='bbox 3545 3929 3566 3960; x_wconf 93' lang='lat'><strong>,</strong></span> <span class='ocrx_word' id='word_1_365' title='bbox 3645 3905 3824 3970; x_wconf 70' lang='lat' dir='ltr'><strong>pone</strong></span> 
     </span>
     <span class='ocr_line' id='line_1_59' title="bbox 2580 3965 3631 4055; baseline 0.011 -25"><span class='ocrx_word' id='word_1_366' title='bbox 2580 3965 2837 4039; x_wconf 89' lang='lat' dir='ltr'><strong>OSCA.</strong></span> <span class='ocrx_word' id='word_1_367' title='bbox 2938 3971 3023 4035; x_wconf 80' lang='lat' dir='ltr'><strong>In</strong></span> <span class='ocrx_word' id='word_1_368' title='bbox 3057 3970 3243 4036; x_wconf 79' lang='lat' dir='ltr'><strong>aliis.-</strong></span> <span class='ocrx_word' id='word_1_369' title='bbox 3303 3974 3392 4055; x_wconf 85' lang='lat' dir='ltr'><strong>Q.</strong></span> <span class='ocrx_word' id='word_1_370' title='bbox 3431 3976 3503 4048; x_wconf 80' lang='lat' dir='ltr'><strong>S.</strong></span> <span class='ocrx_word' id='word_1_371' title='bbox 3553 3974 3631 4042; x_wconf 92' lang='lat' dir='ltr'><strong>C.</strong></span> 
     </span>
    </p>
   </div>
   <div class='ocr_carea' id='block_1_23' title="bbox 624 4060 3823 4536">
    <p class='ocr_par' dir='ltr' id='par_1_25' title="bbox 624 4060 3823 4536">
     <span class='ocr_line' id='line_1_60' title="bbox 688 4060 3819 4144; baseline 0.005 -17"><span class='ocrx_word' id='word_1_372' title='bbox 688 4066 1042 4140; x_wconf 85' lang='lat' dir='ltr'><strong>cessitum,</strong></span> <span class='ocrx_word' id='word_1_373' title='bbox 1092 4074 1158 4125; x_wconf 87' lang='lat' dir='ltr'><strong>et</strong></span> <span class='ocrx_word' id='word_1_374' title='bbox 1185 4060 1273 4124; x_wconf 81' lang='lat' dir='ltr'><strong>ab</strong></span> <span class='ocrx_word' id='word_1_375' title='bbox 1313 4061 1507 4141; x_wconf 81' lang='lat' dir='ltr'><strong>hujus</strong></span> <span class='ocrx_word' id='word_1_376' title='bbox 1544 4063 1701 4125; x_wconf 84' lang='lat' dir='ltr'><strong>aevi</strong></span> <span class='ocrx_word' id='word_1_377' title='bbox 1741 4064 2043 4127; x_wconf 88' lang='lat' dir='ltr'><strong>moribus</strong></span> <span class='ocrx_word' id='word_1_378' title='bbox 2081 4065 2205 4127; x_wconf 83' lang='lat' dir='ltr'><strong>ali·</strong></span> <span class='ocrx_word' id='word_1_379' title='bbox 2286 4063 2362 4125; x_wconf 89' lang='lat' dir='ltr'><strong>P.</strong></span> <span class='ocrx_word' id='word_1_380' title='bbox 2401 4061 2668 4127; x_wconf 83' lang='lat' dir='ltr'><strong>LENT.</strong></span> <span class='ocrx_word' id='word_1_381' title='bbox 2706 4063 2778 4128; x_wconf 83' lang='lat' dir='ltr'><strong>P.</strong></span> <span class='ocrx_word' id='word_1_382' title='bbox 2804 4064 2876 4128; x_wconf 82' lang='lat' dir='ltr'><strong>F.</strong></span> <span class='ocrx_word' id='word_1_383' title='bbox 2901 4063 2982 4132; x_wconf 88' lang='lat' dir='ltr'><strong>L.</strong></span> <span class='ocrx_word' id='word_1_384' title='bbox 3008 4067 3089 4128; x_wconf 93' lang='lat' dir='ltr'><strong>N.</strong></span> <span class='ocrx_word' id='word_1_385' title='bbox 3129 4070 3195 4130; x_wconf 69' lang='lat' dir='ltr'><strong>iu</strong></span> <span class='ocrx_word' id='word_1_386' title='bbox 3215 4068 3396 4135; x_wconf 70' lang='lat' dir='ltr'><strong>aliis.-</strong></span> <span class='ocrx_word' id='word_1_387' title='bbox 3444 4074 3517 4135; x_wconf 93' lang='lat' dir='ltr'><strong>P.</strong></span> <span class='ocrx_word' id='word_1_388' title='bbox 3545 4074 3819 4144; x_wconf 81' lang='lat' dir='ltr'><strong>LENT.</strong></span> 
     </span>
     <span class='ocr_line' id='line_1_61' title="bbox 687 4158 3817 4259; baseline 0.005 -37"><span class='ocrx_word' id='word_1_389' title='bbox 687 4179 889 4223; x_wconf 89' lang='lat' dir='ltr'><strong>enum</strong></span> <span class='ocrx_word' id='word_1_390' title='bbox 912 4207 932 4239; x_wconf 86' lang='lat'><strong>,</strong></span> <span class='ocrx_word' id='word_1_391' title='bbox 987 4160 1341 4243; x_wconf 81' lang='lat' dir='ltr'><strong>magisque</strong></span> <span class='ocrx_word' id='word_1_392' title='bbox 1373 4159 1642 4221; x_wconf 86' lang='lat' dir='ltr'><strong>adridet</strong></span> <span class='ocrx_word' id='word_1_393' title='bbox 1675 4158 1994 4222; x_wconf 75' lang='lat' dir='ltr'><strong>sententia</strong></span> <span class='ocrx_word' id='word_1_394' title='bbox 2018 4160 2204 4222; x_wconf 88' lang='lat' dir='ltr'><strong>Vail-</strong></span> <span class='ocrx_word' id='word_1_395' title='bbox 2284 4159 2361 4223; x_wconf 90' lang='lat' dir='ltr'><strong>P.</strong></span> <span class='ocrx_word' id='word_1_396' title='bbox 2403 4160 2477 4226; x_wconf 79' lang='lat' dir='ltr'><strong>F.</strong></span> <span class='ocrx_word' id='word_1_397' title='bbox 2520 4158 2803 4237; x_wconf 77' lang='lat' dir='ltr'>SPINT,</span> <span class='ocrx_word' id='word_1_398' title='bbox 2863 4160 2993 4227; x_wconf 77' lang='lat' dir='ltr'><strong>Vir</strong></span> <span class='ocrx_word' id='word_1_399' title='bbox 3027 4162 3341 4231; x_wconf 70' lang='lat' dir='ltr'><strong>barbatus</strong></span> <span class='ocrx_word' id='word_1_400' title='bbox 3370 4169 3817 4259; x_wconf 64' lang='lat' dir='ltr'><strong>velatusemi-</strong></span> 
     </span>
     <span class='ocr_line' id='line_1_62' title="bbox 624 4254 3823 4354; baseline 0.004 -34"><span class='ocrx_word' id='word_1_401' title='bbox 624 4291 644 4307; x_wconf 45' lang='grc' dir='ltr'><strong>ε</strong></span> <span class='ocrx_word' id='word_1_402' title='bbox 684 4255 917 4331; x_wconf 59' lang='lat' dir='ltr'><strong>lentii,</strong></span> <span class='ocrx_word' id='word_1_403' title='bbox 970 4255 1077 4318; x_wconf 78' lang='lat' dir='ltr'><strong>etii</strong></span> <span class='ocrx_word' id='word_1_404' title='bbox 1118 4255 1427 4337; x_wconf 76' lang='lat' dir='ltr'><strong>imperite</strong></span> <span class='ocrx_word' id='word_1_405' title='bbox 1453 4255 1802 4340; x_wconf 80' lang='lat' dir='ltr'><strong>prolatam</strong></span> <span class='ocrx_word' id='word_1_406' title='bbox 1845 4257 2029 4319; x_wconf 82' lang='lat' dir='ltr'><strong>dicat</strong></span> <span class='ocrx_word' id='word_1_407' title='bbox 2065 4255 2209 4319; x_wconf 71' lang='lat' dir='ltr'><strong>Ha·</strong></span> <span class='ocrx_word' id='word_1_408' title='bbox 2281 4254 2485 4321; x_wconf 70' lang='lat' dir='ltr'><strong>nudus</strong></span> <span class='ocrx_word' id='word_1_409' title='bbox 2504 4254 2722 4337; x_wconf 78' lang='lat' dir='ltr'><strong>sedens</strong></span> <span class='ocrx_word' id='word_1_410' title='bbox 2758 4258 2827 4320; x_wconf 77' lang='lat' dir='ltr'><strong>in</strong></span> <span class='ocrx_word' id='word_1_411' title='bbox 2849 4258 2999 4345; x_wconf 78' lang='lat' dir='ltr'><strong>seHa</strong></span> <span class='ocrx_word' id='word_1_412' title='bbox 3043 4264 3244 4325; x_wconf 74' lang='lat' dir='ltr'><strong>curuli</strong></span> <span class='ocrx_word' id='word_1_413' title='bbox 3287 4263 3348 4328; x_wconf 72' lang='lat' dir='ltr'><strong>d.</strong></span> <span class='ocrx_word' id='word_1_414' title='bbox 3376 4273 3823 4354; x_wconf 67' lang='lat' dir='ltr'><strong>cornucopiae,</strong></span> 
     </span>
     <span class='ocr_line' id='line_1_63' title="bbox 682 4344 3816 4450; baseline 0.002 -35"><span class='ocrx_word' id='word_1_415' title='bbox 682 4372 1129 4436; x_wconf 74' lang='lat' dir='ltr'><strong>vercampuS,</strong></span> <span class='ocrx_word' id='word_1_416' title='bbox 1209 4347 1547 4414; x_wconf 82' lang='lat' dir='ltr'><strong>statuentis</strong></span> <span class='ocrx_word' id='word_1_417' title='bbox 1592 4351 2034 4415; x_wconf 65' lang='lat' dir='ltr'><strong>esse”literam</strong></span> <span class='ocrx_word' id='word_1_418' title='bbox 2093 4344 2199 4432; x_wconf 80' lang='grc' dir='ltr'><strong>ἀρ·</strong></span> <span class='ocrx_word' id='word_1_419' title='bbox 2263 4354 2323 4439; x_wconf 89' lang='lat' dir='ltr'><strong>s.</strong></span> <span class='ocrx_word' id='word_1_420' title='bbox 2361 4350 2595 4435; x_wconf 72' lang='lat' dir='ltr'><strong>haftam</strong></span> <span class='ocrx_word' id='word_1_421' title='bbox 2620 4398 2640 4430; x_wconf 89' lang='lat'><strong>‚</strong></span> <span class='ocrx_word' id='word_1_422' title='bbox 2693 4362 2752 4416; x_wconf 75' lang='lat' dir='ltr'><strong>et</strong></span> <span class='ocrx_word' id='word_1_423' title='bbox 2789 4351 2851 4416; x_wconf 78' lang='lat' dir='ltr'><strong>d.</strong></span> <span class='ocrx_word' id='word_1_424' title='bbox 2879 4356 3031 4438; x_wconf 78' lang='lat' dir='ltr'><strong>pede</strong></span> <span class='ocrx_word' id='word_1_425' title='bbox 3068 4355 3262 4439; x_wconf 76' lang='lat' dir='ltr'><strong>globo</strong></span> <span class='ocrx_word' id='word_1_426' title='bbox 3318 4364 3816 4450; x_wconf 56' lang='lat' dir='ltr'><strong>ifffiensoeoro..</strong></span> 
     </span>
     <span class='ocr_line' id='line_1_64' title="bbox 678 4438 3633 4536; baseline 0 -22"><span class='ocrx_word' id='word_1_427' title='bbox 678 4470 945 4536; x_wconf 68' lang='grc' dir='ltr'><strong><em>χαιεσην</em></strong></span> <span class='ocrx_word' id='word_1_428' title='bbox 977 4448 1167 4511; x_wconf 78' lang='lat' dir='ltr'><strong>verbi</strong></span> <span class='ocrx_word' id='word_1_429' title='bbox 1225 4444 1565 4531; x_wconf 79' lang='lat' dir='ltr'><strong>Quaestor,</strong></span> <span class='ocrx_word' id='word_1_430' title='bbox 1619 4466 1768 4510; x_wconf 90' lang='lat' dir='ltr'><strong>cum</strong></span> <span class='ocrx_word' id='word_1_431' title='bbox 1802 4449 2004 4511; x_wconf 75' lang='lat' dir='ltr'><strong>toties</strong></span> <span class='ocrx_word' id='word_1_432' title='bbox 2043 4467 2198 4511; x_wconf 89' lang='lat' dir='ltr'><strong>eam</strong></span> <span class='ocrx_word' id='word_1_433' title='bbox 2278 4461 2474 4514; x_wconf 69' lang='lat' dir='ltr'><strong>natur</strong></span> <span class='ocrx_word' id='word_1_434' title='bbox 2509 4448 2591 4515; x_wconf 87' lang='lat' dir='ltr'><strong>ab</strong></span> <span class='ocrx_word' id='word_1_435' title='bbox 2623 4438 2955 4515; x_wconf 57' lang='lat' dir='ltr'><strong>advolante</strong></span> <span class='ocrx_word' id='word_1_436' title='bbox 2997 4453 3311 4522; x_wconf 73' lang='lat' dir='ltr'><strong>Victoria.</strong></span> <span class='ocrx_word' id='word_1_437' title='bbox 3367 4461 3507 4522; x_wconf 81' lang='lat' dir='ltr'><strong>AR,</strong></span> <span class='ocrx_word' id='word_1_438' title='bbox 3547 4462 3633 4524; x_wconf 79' lang='lat' dir='ltr'><strong>R,</strong></span> 
     </span>
    </p>
   </div>
   <div class='ocr_carea' id='block_1_24' title="bbox 651 4588 3839 4629">
    <p class='ocr_par' dir='ltr' id='par_1_26' title="bbox 651 4588 3839 4629">
     <span class='ocr_line' id='line_1_65' title="bbox 651 4588 3839 4629; baseline 0 821"><span class='ocrx_word' id='word_1_439' title='bbox 651 4588 3839 4629; x_wconf 95' lang='lat' dir='ltr'><strong> </strong></span> 
     </span>
    </p>
   </div>
   <div class='ocr_carea' id='block_1_25' title="bbox 673 4638 1939 4729">
    <p class='ocr_par' dir='ltr' id='par_1_27' title="bbox 673 4638 1939 4729">
     <span class='ocr_line' id='line_1_66' title="bbox 673 4638 1939 4729; baseline -0.005 -15"><span class='ocrx_word' id='word_1_440' title='bbox 673 4638 696 4693; x_wconf 71' lang='grc' dir='ltr'><strong><em>Γ</em></strong></span> <span class='ocrx_word' id='word_1_441' title='bbox 741 4660 804 4729; x_wconf 62' lang='lat' dir='ltr'><strong>a)</strong></span> <span class='ocrx_word' id='word_1_442' title='bbox 841 4656 918 4713; x_wconf 72' lang='lat' dir='ltr'><strong>ad</strong></span> <span class='ocrx_word' id='word_1_443' title='bbox 953 4656 1224 4727; x_wconf 65' lang='lat' dir='ltr'><strong>Quintum</strong></span> <span class='ocrx_word' id='word_1_444' title='bbox 1256 4654 1318 4711; x_wconf 67' lang='lat' dir='ltr'><strong>fr.</strong></span> <span class='ocrx_word' id='word_1_445' title='bbox 1353 4652 1419 4709; x_wconf 87' lang='lat' dir='ltr'><strong>L.</strong></span> <span class='ocrx_word' id='word_1_446' title='bbox 1454 4650 1562 4710; x_wconf 84' lang='lat'><strong>111.</strong></span> <span class='ocrx_word' id='word_1_447' title='bbox 1596 4652 1692 4726; x_wconf 67' lang='lat' dir='ltr'><strong>ep.</strong></span> <span class='ocrx_word' id='word_1_448' title='bbox 1733 4654 1779 4709; x_wconf 76' lang='grc' dir='ltr'><strong>ι’.</strong></span> <span class='ocrx_word' id='word_1_449' title='bbox 1815 4655 1848 4727; x_wconf 77' lang='grc' dir='ltr'><strong><em>ς</em></strong></span> <span class='ocrx_word' id='word_1_450' title='bbox 1878 4675 1939 4727; x_wconf 77' lang='lat'><strong>⁵.</strong></span> 
     </span>
    </p>
   </div>
  </div>
 </body>
</html>
