4175 5450
801 526 938 594 28'0
986 593 993 596 .

805 710 993 778 SEX.
1025 709 1250 774 PoM.
1287 708 1716 776 FOSTLVS.
1767 705 2155 774 Romuluset
2185 707 2314 774 Re-

804 827 943 871 mus
986 807 1279 870 lactentes
1292 805 1405 881 sub
1428 807 1558 888 ficu
1596 802 1947 880 Ruminali,
1999 806 2099 868 cm·
2135 807 2313 888 picas

802 902 1051 986 inficiet,
1102 920 1276 984 quem
1312 901 1557 988 adstam-
1582 903 1794 985 pastor
1834 898 2160 987 Faustum
2193 919 2310 964 ex·

800 1007 973 1062 tenta
1001 1016 1189 1061 manu
1232 996 1488 1062 indicat.
1536 1031 1544 1040 ·
1588 998 1735 1058 AR.
1774 993 1850 1059 C.

902 1089 1171 1155 Gemini
1201 1089 1244 1154 'a
1273 1091 1435 1173 lupa
1466 1092 1731 1166 nutriti,
1787 1089 1950 1160 ficus
1987 1090 2307 1153 Rumina

746 1237 753 1252 -.
801 1189 937 1270 lis5
993 1187 1180 1269 picus
1229 1185 1431 1261 avis,
1484 1183 1706 1268 pastor
1758 1184 2157 1259 FaustuluS,
2212 1186 2305 1246 ni-

799 1285 1045 1356 mirum
1087 1275 1268 1354 urbis
1301 1291 1614 1344 aeternae
1666 1279 2117 1352 incunabula,
2189 1297 2305 1352 no-

800 1374 1213 1450 tiorasunt,
1254 1394 1461 1458 quam
1504 1387 1577 1437 ut
1624 1376 1707 1437 iis
1753 1375 2150 1438 enarrandis
2209 1374 2306 1435 in·

798 1457 1149 1543 haeream
1211 1471 1367 1532 Sex.
1404 1472 1766 1556 Pompejus
1818 1470 2014 1551 hujus
2068 1480 2308 1531 auctor-

802 1564 1063 1627 denarii
1095 1564 1270 1628 hunc
1311 1565 1537 1651 selegit
1574 1565 1850 1630 aversae
1897 1576 2163 1647 typum,
2199 1565 2308 1626 seu

800 1660 988 1743 quod
1023 1660 1205 1722 idem
1239 1661 1527 1723 haberet
1565 1680 1715 1724 cum
1754 1661 2172 1743 geminorum
2195 1679 2309 1721 nu-

799 1755 1000 1819 tricio
1037 1774 1435 1838 cognomen,
1490 1757 1598 1818 seu
1629 1756 1813 1840 quod
1830 1775 2069 1818 revera
2105 1774 2310 1840 genus

802 1850 985 1919 suum
1028 1850 1118 1913 ab
1151 1849 1285 1914 hoc
1327 1849 1591 1936 pastore
1633 1851 1787 1918 duci
1820 1851 2143 1926 credidit,
2197 1862 2314 1912 aut

800 1947 985 2008 credi
1022 1944 1263 2009 voluit.
1365 1946 1694 2036 Scribitur
1732 1945 2140 2009 FOSTLVS
2185 1965 2310 2028 pro

800 2041 1360 2111 FAVSTVLVS.
1462 2041 1703 2104 Paullo
1736 2041 1936 2125 supra
1975 2040 2046 2101 in
2085 2040 2314 2110 Plotia

741 2151 751 2168 ·
800 2137 1262 2203 vidimuS..AV
1304 2150 1371 2198 et
1414 2137 1477 2197 O
1529 2146 1960 2219 permutata,
2010 2137 2221 2199 etiam
2251 2137 2314 2198 V

690 2281 697 2286 .
800 2230 1065 2313 saepius
1109 2231 1444 2292 extrusum
1476 2275 1496 2306 ,
1551 2229 1634 2294 fic
1668 2229 1909 2295 vinata
1946 2242 2015 2293 et
2063 2232 2311 2307 vinela,

800 2321 1107 2392 Proculus
1157 2337 1224 2388 et
1257 2327 1563 2405 Proetus,
1625 2324 1967 2412 Alcumena
2026 2338 2095 2390 et
2153 2325 2313 2393 Ate-
2389 2368 2394 2373 -

797 2439 998 2485 mma·

795 2577 1102 2696 mam-
1357 2563 1391 2599 *
1481 2654 1493 2661 -

808 2758 817 2767 .
901 2704 1021 2775 Cn.
1065 2709 1435 2792 Pompeius
1473 2718 1669 2771 natus
1713 2706 1997 2781 eodem,
2050 2725 2188 2790 quo
2211 2708 2310 2770 M.

801 2801 1070 2875 Tullius
1104 2823 1283 2867 anno
1315 2807 1395 2864 V.
1436 2801 1512 2867 C.
1554 2806 1688 2875 648
1723 2815 1919 2884 patre
1955 2800 2076 2863 Cn.
2107 2803 2310 2867 Pom-

798 2899 953 2979 pejo
1008 2898 1338 2959 Strabone
1360 2942 1380 2973 ,
1434 2899 1616 2976 cujus
1651 2897 1903 2961 eximia
1935 2897 2148 2957 virtus
2173 2897 2310 2959 bel·

694 3016 698 3020 *
796 2988 867 3053 lo
908 2990 1138 3051 sociali
1171 2991 1433 3051 enituit.
1531 2991 1608 3052 In
1649 2990 1923 3053 diffensu
1960 2990 2144 3052 civili
2169 2991 2311 3053 Sul·

799 3082 909 3155 lae
963 3095 1029 3144 et
1080 3084 1333 3160 Marii,
1398 3082 1577 3147 illius
1620 3096 1885 3166 ,partes
1952 3084 2310 3167 amplexus

797 3176 1224 3260 praeclaram
1303 3177 1531 3267 Sullae
1622 3197 1905 3260 operam
1984 3181 2307 3259 navavit,

799 3272 974 3335 adeo
1007 3272 1141 3336 hoc
1163 3273 1605 3338 adolescentis
1638 3280 1956 3339 virtutem
1990 3276 2306 3360 mirante,

802 3378 877 3429 ut
907 3387 1120 3433 annos
1165 3382 1403 3434 natum
1420 3370 1667 3436 XXIII.
1707 3371 2146 3451 imperatorem
2172 3371 2308 3453 ipse

800 3460 1150 3530 salutaret..
1272 3464 1387 3529 Ab
1418 3466 1661 3529 eodem
1725 3463 1959 3546 paullo
2021 3462 2166 3547 post
2239 3466 2309 3529 in

800 3556 1111 3623 Africam
1142 3560 1363 3623 miss'us
1392 3610 1415 3644 ‚
1469 3574 1542 3623 ut
1579 3560 1699 3629 Cn.
1720 3558 2103 3622 Domitium
2135 3560 2308 3633 Ahef

796 3652 1180 3727 nobarbum
1220 3657 1314 3718 ad
1345 3655 1741 3738 obsequium
1782 3666 2162 3731 revocaret,
2191 3658 2307 3738 qui

800 3764 969 3823 unus
1001 3769 1091 3810 ex
1123 3749 1507 3835 proscriptis
1538 3754 1746 3814 armis
1790 3749 1921 3811 sese
1966 3749 2138 3813 tueri
2200 3752 2308 3813 in-

795 3844 1107 3909 tenderat
1141 3887 1172 3921 ,
1217 3843 1531 3913 confecto
1567 3845 1855 3917 feliciter
1878 3842 2058 3909 bello
2094 3844 2310 3910 redux

800 3940 1120 4001 maximis
1155 3959 1197 4002 a
1221 3938 1407 4004 Sulla
1439 3953 1505 4003 et
1534 3940 1839 4005 universo
1867 3938 2140 4024 populo
2163 3941 2308 4003 lau·

799 4033 997 4096 dibus
1037 4034 1253 4098 elatus
1291 4032 1399 4098 est.
1496 4034 1803 4121 Longum
1842 4032 1998 4096 ess'et
2029 4032 2308 4110 referre,

803 4131 1071 4209 quantis
1109 4129 1382 4192 subinde
1414 4131 1908 4193 accessionibus
1926 4127 2051 4206 has
2073 4126 2308 4192 famae

2028 481 2659 586 POMPEIA„
2743 566 2757 580 .

2389 705 2614 783 torio,
2664 705 2942 791 piratis,
2995 705 3419 789 Mithridate,
3467 707 3855 794 Tigrane
3827 729 3944 773 m·

2392 801 2702 865 credibili
2753 803 3006 865 virtute
3058 802 3392 878 devictis,
3477 804 3946 889 prolatisque

2388 896 2660 980 imperii
2694 896 2975 974 finibus,
3029 894 3200 960 felix
3256 898 3715 984 undequaque
3763 918 3934 963 cum
4069 923 4076 932 ·

2386 993 2673 1076 propria
2708 994 2977 1068 virtute,
3031 1012 3431 1076 morumque
3463 996 3926 1058 commenda-

2390 1087 2630 1162 tione,
2678 1100 2821 1150 tum
2877 1085 3187 1172 [iugulari
3236 1089 3444 1152 totius
3507 1090 3800 1175 imperii
3857 1091 3932 1153 in

2390 1201 2546 1248 eum
2583 1181 2898 1260 adfectu,
2950 1194 3025 1246 at
3055 1199 3138 1245 eo
3177 1180 3460 1260 infelix,
3515 1179 3708 1267 quod
3773 1186 3926 1268 glo-

2387 1277 2532 1339 riae
2573 1277 2916 1344 aemulum
2948 1289 3183 1341 nactus
3216 1275 3306 1340 est
3335 1276 3722 1358 Caesarem,
3760 1300 3925 1343 cum

2392 1390 2530 1453 quo
2568 1375 2792 1436 minus
2825 1353 3035 1462 reip„
3090 1391 3296 1456 quam
3339 1372 3656 1440 occultae
3690 1376 3924 1438 ambi·

2385 1467 2591 1534 tionis
2634 1467 2835 1532 causa
2870 1467 3133 1533 collisus
3163 1466 3308 1552 post
3358 1468 3624 1532 cladem
3698 1470 3926 1533 Phar·

2390 1561 2666 1627 [alicam
2708 1565 2961 1627 exitum
2999 1564 3070 1626 in
3111 1568 3470 1648 Aegypto,
3546 1583 3689 1648 quo
3748 1586 3920 1629 con-

2392 1655 2702 1741 fugerat,
2749 1658 3002 1743 reperit
3071 1657 3226 1744 ipfis
3282 1656 3662 1722 victoribus
3736 1661 3922 1725 indi·

2395 1749 2606 1836 gnum'
2638 1752 2850 1817 visum
2877 1753 2921 1831 ,'
2950 1765 3017 1816 et
3054 1753 3237 1816 seriis
3292 1753 3591 1840 lacrimjs
3622 1755 3926 1826 decora-

2392 1860 2536 1910 tum
2573 1852 2657 1912 V.
2682 1846 2759 1911 C.
2791 1849 2925 1929 706
2946 1897 2980 1932 ,a
2999 1848 3252 1911 relictis
3283 1847 3461 1911 binis
3485 1848 3645 1912 filiis
3667 1849 3922 1916 Gnaeo

2396 1955 2464 2016 et
2544 1943 2753 2007 Sexto
2813 1943 3226 2008 calamitatis
3291 1956 3618 2030 paternae
3667 1945 3925 2010 haere-

2395 2039 2630 2115 dibus,
2683 2040 2769 2102 de
2829 2038 3074 2121 quibus
3138 2058 3325 2103 mox.
3471 2040 3650 2104 Vide
3733 2041 3926 2107 haee

2395 2135 2637 2217 passim
2685 2136 2755 2196 in
2794 2135 2894 2196 rei
2929 2136 3012 2198 R.
3048 2133 3522 2219 scriptoribus,
3573 2147 3650 2199 at
3709 2157 3922 2222 prae·

2393 2230 2608 2315 cipue.
2631 2228 3093 2294 Plutarchum.

2487 2322 2792 2388 MAGNI
2830 2343 3231 2409 cognomen,
3277 2322 3324 2386 fi
3361 2323 3743 2390 Plutarcho
3772 2345 3928 2392 cre·-

2391 2420 2656 2497 dimus,
2705 2421 2995 2503 adeptus
3049 2416 3139 2482 est
3190 2431 3454 2484 mature
3525 2421 3930 2488 admodum

2391 2534 2733 2601 praecone
2764 2515 2906 2598 ipso
2940 2513 3169 2590 Sulla,
3234 2515 3367 2578 hoc
3415 2535 3572 2580 eum
3624 2519 3928 2582 nomine

2394 2610 2848 2693 compellante
2871 2657 2892 2688 ,
2941 2629 3100 2672 cum
3137 2612 3326 2673 victo
3362 2611 3438 2672 in
3469 2607 3722 2673 Africa
3769 2612 3926 2674 Do-

2391 2707 2588 2773 mitio
2625 2706 2916 2777 Romam
2962 2695 3261 2768 reversus
3326 2701 3436 2769 est.
3491 2703 3555 2786 ⁸)
3659 2706 3752 2769 In
3807 2728 3928 2771 ea·

2392 2803 2545 2885 dem
2585 2802 2904 2865 sententia
2935 2798 3066 2873 fuit
3087 2802 3363 2865 Plinius.
3414 2788 3475 2881 b)
3525 2801 3665 2865 Alii
3699 2802 3926 2866 serius

2393 2895 2474 2958 fic
2516 2898 2997 2986 compellatum
3039 2897 3348 2972 tradunt,
3398 2906 3474 2956 ut
3504 2896 3790 2960 dicetur
3829 2901 3926 2962 ad

2389 2993 2742 3074 proximos
2788 3010 3053 3054 numos.
3155 2994 3321 3054 Vtut
3360 2991 3529 3067 erit,
3604 2993 3679 3054 in
3753 3014 3928 3079 cog

2391 3104 2635 3147 nomen
2676 3098 2853 3150 certe
2897 3086 3137 3150 deinde
3168 3085 3341 3147 abiit
3374 3085 3615 3147 omiss’o
3671 3092 3926 3169 patrio

2390 3179 2780 3274 StraboniS,
2834 3183 3233 3261 duravitque
3287 3180 3366 3241 in
3403 3179 3535 3242 hac
3578 3179 3922 3268 familia,

2388 3277 2549 3337 dum
2597 3296 2639 3339 a
2678 3229 3032 3359 Caligula,
3084 3294 3287 3356 quem
3319 3274 3487 3335 aviti
3519 3286 3586 3336 et
3617 3276 3932 3345 illustres

2389 3372 2640 3434 civium
2713 3371 2896 3433 tituli
2953 3369 3283 3452 uss'erant,
3360 3368 3810 3453 aboleretur,
3861 3374 3924 3457 ⁶)

2384 3484 2524 3529 non
2561 3467 2880 3528 diuturna
2897 3467 3164 3546 jactura
3181 3511 3208 3541 „
3251 3483 3413 3537 nam
3442 3462 3736 3528 restituit
3779 3471 3926 3533 sue-

2388 3556 2598 3623 cess'or
2632 3560 2993 3637 Claudiae,
3047 3560 3162 3642 qui
3195 3558 3381 3623 suam
3437 3558 3717 3646 insuper
3793 3565 3926 3629 fili.

2388 3674 2509 3717 am
2542 3653 2666 3719 Cn.
2739 3655 3074 3739 Pompejo
3131 3655 3383 3740 Magno
3450 3674 3758 3720 uxorem
3795 3662 3928 3743 ‘de-

2326 3740 2622 3829 'dit-³)

3119 3845 3158 3877 ὓ

2677 3936 2826 4003 CN.
2863 3893 3095 4004 Piso,
3133 3895 3336 4004 Pno’.
3372 3940 3457 4022 Q.
3491 3940 3724 4025 ¹came
3765 3947 3914 4011 Νι-

2673 4054 2810 4100 mae
2845 4034 3177 4100 barbatum
3217 4040 3474 4103 cinnum
3521 4035 3918 4118 made-au,

2669 4137 2774 4194 cui
2805 4132 3158 4217 infir-iprum
3179 4131 3444 4214 NVMA

799 4226 1323 4307 meritorumque
1382 4225 1715 4310 primitias
1765 4224 2068 4307 auxerit,
2155 4222 2302 4285 Ser·
2377 4218 2674 4286 MAGN.
2706 4223 3359 4291 PRO.COS.Prora
3377 4227 3585 4297 navis.
3637 4229 3922 4298 AR.R.

742 4384 757 4400 ,
774 4374 3936 4415 --—-—--—--—-————--——-———-—-——b-—--——i-—-—-——-—-.

1797 4458 1857 4528 h)
1890 4461 1966 4521 1..
1996 4460 2144 4519 Vn.
2171 4458 2204 4529 ς
2241 4464 2336 4528 ηζ

2517 4461 2574 4559 α.)
2605 4458 2837 4516 Sueton-
2867 4460 2932 4514 in
2966 4460 3147 4531 Celig.
3173 4474 3229 4516 ez
3255 4476 3356 4533 35..
3469 4486 3474 4491 ·
3562 4459 3653 4531 ⁴d.)
3689 4462 3817 4518 Dio
3847 4463 3929 4519 1.

4072 2564 4079 2631 ι’

4070 3493 4084 3600 p?
