4175 5450
1569 582 2292 700 CORNELIA.

368 804 509 854 tum
542 807 789 853 aevum
819 786 1140 854 fastidiat.
1242 786 1586 873 Quoniam
1621 787 1690 851 in
1711 807 1877 851 non-

369 886 571 952 nullis
622 885 804 950 Livii
827 885 1179 950 codicibus
1207 884 1338 947 hoc
1365 885 1525 948 loco
1547 903 1669 967 pro
1695 884 1879 949 Mar·

265 1049 272 1058 ,
364 982 615 1047 collinus
649 982 893 1067 legitur
927 979 1286 1058 Marcellus,
1340 1000 1421 1043 ac
1447 977 1880 1065 posteriorem

365 1077 543 1144 hanc
581 1075 943 1141 lectionem
1003 1098 1139 1142 non
1182 1078 1387 1162 pauci
1451 1076 1698 1138 eruditi
1758 1075 1878 1139 ad-

364 1173 700 1259 probant,
749 1193 856 1236 res
887 1173 1144 1258 semper
1172 1175 1430 1237 incerta
1456 1171 1604 1246 erit,
1656 1184 1880 1233 utrum

362 1287 608 1331 revera
701 1267 1065 1344 exstiterint
1131 1268 1402 1331 Claudii
1468 1266 1876 1332 Marcellini.

364 1361 562 1427 Certe
610 1376 884 1449 praeter
919 1364 1280 1428 Liviannm
1317 1363 1495 1425 hunc
1535 1360 1879 1426 Marcelli-

360 1478 525 1523 num
559 1460 780 1522 nullus
816 1460 989 1530 alius
1025 1462 1092 1522 in
1129 1470 1326 1545 gente
1382 1457 1677 1521 Claudia
1720 1475 1878 1541 pro-

367 1555 574 1621 ditur.
661 1552 1025 1624 ‚Existimat
1072 1556 1392 1640 Pighius,
1467 1553 1880 1638 qui11ectio·

361 1668 520 1713 nem
585 1650 987 1715 Marcth’mcs
1036 1650 1365 1734 sequitur,
1448 1649 1744 1732 aliquem
1812 1648 1883 1710 in

363 1742 705 1810 familiam
761 1744 1031 1810 Claudii
1096 1746 1406 1809 Marcelli
1477 1746 1883 1831 adoptatum

367 1841 721 1904 denarium
773 1842 952 1906 hunc
1026 1862 1178 1905 cum
1236 1838 1619 1905 honorifico
1690 1842 1882 1903 Mar-

364 1935 690 1999 cellorum
758 1949 929 2023 typo
1018 1923 1400 2001 feriundum'
1492 1937 1764 2000 curass'e.
1819 1931 1884 2017 ⁸)

364 2030 845 2106 stomachatur
859 2033 1036 2097 hanc
1060 2033 1447 2097 sententiam
1468 2034 1884 2096 Havercam·

362 2147 537 2213 pus,
589 2131 788 2213 quia,
842 2132 981 2207 ait,
1035 2128 1076 2192 fi
1113 2132 1273 2193 isin
1302 2129 1642 2193 familiam
1690 2129 1882 2193 Clau·

366 2225 554 2287 diam
588 2223 1034 2302 transivjss'et,
1085 2243 1219 2287 non
1269 2236 1636 2288 vocaretur
1696 2225 1885 2302 Mar-

371 2318 653 2382 cellinus
693 2338 780 2380 ex
813 2320 1215 2401 cognomine
1239 2317 1719 2395 Claudiorum,
1778 2319 1887 2380 sed

366 2412 776 2500 productum
811 2412 1094 2476 haberet
1147 2432 1393 2476 nomen
1433 2416 1570 2492 ejus
1614 2415 1885 2496 gentis,

369 2530 457 2573 ex
511 2511 750 2590 quain
799 2506 1159 2572 Claudiam
1215 2507 1556 2593 migravit.
1607 2495 1674 2588 l’)
1744 2509 1887 2569 Ve-

368 2626 520 2671 rum
555 2603 762 2683 istud,
814 2602 857 2667 fi
897 2605 1265 2690 adoptatus
1297 2623 1383 2666 ex
1430 2602 1656 2668 aliena
1694 2615 1891 2686 gente

369 2697 440 2768 in
479 2698 839 2766 Claudiam
880 2701 1236 2777 transivit3
1286 2699 1396 2763 sed
1442 2701 1649 2786 quid,
1699 2695 1742 2760 fi
1777 2698 1891 2764 hic

372 2800 749 2883 adoptatus
773 2796 877 2861 'ex
910 2796 1183 2864 familia
1203 2795 1495 2862 Claudia
1522 2794 1892 2861 Marcello-

369 2913 523 2960 rum
573 2894 642 2956 in
675 2891 886 2957 'aliam
926 2895 1224 2977 ejusdem
1280 2893 1495 2978 gentis
1557 2890 1888 2957 Claudiae

368 2990 751 3075 migravit?
850 2987 1020 3052 cum
1062 2991 1266 3077 igitur
1289 3000 1429 3052 tum
1468 2985 1886 3053 Claudianus

367 3087 507 3173 dici
591 3105 726 3150 non
809 3089 1152 3170 potuerit,
1221 3083 1367 3147 fieri
1424 3096 1737 3169 poterat,
1813 3093 1888 3146 ut

362 3182 844 3247 Marcellinum
884 3183 945 3246 se
987 3183 1240 3251 diceret
1304 3182 1395 3244 ad
1445 3180 1883 3245 indicandam

360 3275 706 3342 familiam
736 3325 757 3356 ,
807 3279 985 3342 unde
1031 3276 1392 3364 processit,
1484 3277 1669 3360 quod
1738 3279 1880 3358 jam

362 3373 726 3456 suspicatus
765 3372 853 3437 est
879 3374 1215 3437 DukeruS.
1270 3376 1324 3446 ο)
1423 3369 1638 3434 Simili
1673 3374 1882 3433 ratio-

364 3485 452 3532 ne
501 3466 834 3531 habemus
910 3470 983 3530 in
1070 3468 1312 3530 eadem
1385 3462 1878 3527 Postumiorum

360 3573 561 3648 gente
607 3572 675 3623 et
751 3564 834 3624 A.
871 3558 1281 3625 Postumium
1329 3557 1605 3634 Album,
1658 3568 1726 3619 et
1791 3560 1876 3619 A.

359 3655 774 3722 Postumium
827 3657 1171 3734 Albinum,
1224 3654 1410 3738 quod
1462 3671 1709 3715 nomen
1794 3671 1880 3714 ex

360 3753 591 3817 fimilis
633 3755 894 3837 generis
966 3753 1338 3837 adoptione
1397 3761 1646 3825 natum,
1716 3747 1879 3813 licet

356 3850 698 3937 suspicari.

462 3944 648 4009 Gens
735 3942 1053 4009 Cornelia
1137 3941 1574 4008 Marcellinos
1636 3939 1881 4005 habuit

301 4046 581 4111 ”certos
643 4042 1005 4107 Lentulum
1070 4038 1587 4116 Marcellinum,
1676 4058 1878 4122 quem

355 4140 633 4226 Pighius
672 4143 755 4205 V.
795 4137 872 4203 C.
914 4139 1053 4217 696
1087 4148 1473 4223 praetorem
1512 4131 1752 4217 Syriae
1791 4153 1879 4198 ex

357 4237 680 4324 Appiano
775 4233 1149 4319 constituit,
1217 4245 1285 4297 et
1337 4232 1415 4300 P.
1485 4228 1878 4304 Cornelium

431 4476 488 4543 a)
524 4476 564 4529 1.
599 4494 644 4529 e.

361 4561 494 4617 P⁸a=
531 4554 653 4612 283·

836 4475 1194 4548 b)P⁸s·⁸⁹·
1319 4516 1324 4521 ·

1460 4475 1510 4542 e)
1545 4470 1622 4527 ‚a
1656 4473 1748 4533 at,
1779 4470 1887 4531 100.
1919 4469 2093 4533 Livii.

3208 679 3221 696 ,
3357 600 3503 680 1⁸9<

1957 786 2318 850 Lentulum
2357 789 2831 855 Marcellinum
2867 789 3205 857 consulem
3265 797 3347 859 V.
3405 792 3487 866 C.

1963 901 2143 965 737,
2194 904 2277 946 ex
2318 904 2452 966 quo
2500 883 2833 966 efficitur,
2890 889 3298 952 Marcellum
3366 890 3490 955 ali.

1962 997 2163 1061 quem
2222 999 2266 1041 a
2310 980 2621 1054 ,Lentulo
2678 987 3005 1070 quopiam
3079 985 3488 1068 adoptatum
3586 1034 3598 1044 .

1960 1085 2338 1158 cognomen
2358 1075 2667 1137 Marcelli
2703 1078 2770 1140 in
2811 1077 3283 1142 Marcellinum
3323 1100 3479 1164 pro·-

1958 1168 2237 1233 duxiss'e.
2340 1170 2742 1234 Marcellum
2779 1193 2823 1236 a
2855 1173 3143 1237 Lentulo
3184 1176 3474 1260 adopta·

1955 1274 2098 1325 tum
2131 1262 2408 1328 hausere
2442 1265 2687 1329 eruditi
2727 1288 2814 1332 ex
2837 1266 3203 1333 cicerone:
3258 1262 3322 1356 ὅ)
3371 1275 3476 1340 M.

1956 1359 2299 1425 Marcellus
2348 1359 2678 1448 Aesernini
2698 1374 2889 1447 pater
2926 1377 3054 1429 non
3101 1363 3201 1428 ille
3242 1367 3484 1451 quidem

1955 1456 2026 1519 in
2062 1459 2361 1539 patronis
2377 1500 2395 1532 ‚
2437 1458 2553 1544 sed
2582 1468 2643 1521 et
2693 1461 2761 1523 in
2793 1461 3111 1544 promptis
3143 1469 3348 1527 tamen
3371 1512 3391 1543 ,
3437 1474 3498 1530 et

1955 1569 2082 1615 non
2116 1553 2569 1617 inexercitatus
2601 1553 2697 1619 ad
2729 1552 3046 1622 dicendum
3073 1543 3267 1641 fuit,
3302 1569 3376 1623 ut
3390 1560 3491 1648 fi.

1959 1647 2080 1710 lius
2116 1648 2250 1732 ejus
2290 1648 2367 1712 P.
2412 1648 2730 1715 Lentulus.
2832 1651 3205 1717 Marcellus
3275 1652 3491 1721 filium

1959 1740 2321 1806 Lentulum
2352 1743 2609 1808 habere
2671 1766 2809 1810 non
2868 1747 3136 1833 potuit,
3211 1749 3328 1811 nili
3421 1753 3496 1820 in

1961 1836 2404 1904 Lentulorum
2454 1837 2796 1906 familiam
2831 1863 2954 1928 per
3033 1843 3484 1930 adoptionem
3576 1877 3581 1882 ·

1959 1936 2407 2014 translatum,
2462 1938 2885 2021 adoptante,-
2934 1950 3009 2002 ut
3046 1937 3288 2001 leviter
3330 1961 3490 2008 con·

1955 2031 2102 2112 jicit
2137 2032 2457 2117 Pighius,
2509 2030 2569 2116 θ)
2621 2033 2698 2099 Ρ.
2746 2034 3037 2098 Lentulo
3086 2032 3281 2098 Sura.

2057 2127 2238 2191 Huic
2285 2147 2446 2213 ergo
2501 2127 2792 2193 Lentulo
2866 2128 3318 2218 Marcellino,
3367 2144 3491 2200 aut

1964 2225 2151 2316 quod
2211 2225 2494 2300 malim,
2561 2223 2757 2306 hujus
2813 2226 2957 2291 filio
3017 2224 3224 2291 tribui
3284 2227 3493 2317 vulgo

1964 2320 2132 2383 solet
2163 2340 2408 2382 numus
2465 2339 2550 2381 ex
2597 2322 2958 2406 propolitis
3015 2323 3207 2414 prior
3255 2325 3489 2394 inscri-

1964 2426 2088 2498 pto
2173 2397 2823 2482 MARCELLmvs
2865 2464 2886 2494 ‚
2959 2423 3145 2500 cujus
3226 2431 3440 2507 typos
3469 2472 3495 2507 ,

1965 2526 2125 2570 cum
2160 2506 2247 2568 ad
2284 2505 2684 2604 ⁴'Claudiam
2731 2512 3219 2576 Marcellorum
3281 2509 3484 2600 perti·

1967 2613 2233 2684 heaut,
2266 2603 2405 2682 jam
2445 2602 2515 2664 in
2570 2602 2702 2668 hac
2762 2608 3105 2693 praecepi.
3202 2607 3494 2675 Denari-

1969 2717 2050 2760 us
2093 2696 2270 2763 alter
2304 2695 2591 2781 obvius,
2643 2712 2709 2764 et
2748 2719 2871 2786 per
2935 2703 3164 2767 varias
3250 2705 3491 2791 alpha-

1969 2792 2109 2858 beti
2146 2793 2374 2857 literas
2410 2792 2763 2881 multiplex
2795 2796 2998 2862 offert
3028 2799 3485 2886 epigraphen:

1961 2886 2241 2962 LENT.
2272 2890 2502 2955 MAR.
2522 2891 2599 2954 F.
2622 2936 2643 2969 ,
2696 2913 2900 2977 quam
2931 2893 3017 2958 fic
3054 2896 3283 2980 explet
3296 2896 3482 2963 Vail·

1966 2986 2259 3065 lautius,
2327 2995 2397 3048 et
2457 2986 3016 3077 Havercampus:
3099 2989 3491 3060 LENTulus

1968 3082 2366 3146 MARcellt‘ni
2398 3079 2622 3148 Filius.
2722 3089 2813 3150 At
2876 3087 2982 3150 cui
3036 3087 3104 3151 in
3152 3085 3286 3152 hac
3356 3089 3494 3153 sen·

1963 3177 2179 3241 tentia
2213 3181 2458 3242 mirum
2505 3196 2642 3243 non
2697 3182 3059 3261 videatur,
3124 3181 3488 3248 Lentulum
3552 3212 3557 3217 ·

1964 3272 2178 3337 filium
2208 3320 2228 3352 ,
2282 3275 2399 3358 qui
2439 3276 2722 3360 perinde
2779 3296 2861 3340 ac
2907 3292 3104 3364 pater
3164 3279 3383 3345 dictus
3419 3301 3486 3345 e·

1961 3380 2071 3432 rat
2120 3366 2445 3434 Lentulus
2474 3369 2913 3437 Marcellinus
2934 3420 2955 3451 ‚
3007 3375 3132 3438 sese
3162 3374 3232 3438 in
3262 3396 3469 3441 numo

1962 3482 2218 3527 vocare
2256 3464 2639 3529 Marcellini
2660 3464 2922 3530 filium?
2971 3470 3312 3547 Romani,
3365 3490 3478 3535 cu-

1956 3561 2061 3640 jus
2100 3557 2300 3621 ess'ent
2331 3557 2489 3640 filii,
2539 3560 2930 3624 indicavere
2981 3563 3221 3624 addito
3261 3567 3478 3648 patris

1959 3655 2449 3738 praenomine,
2515 3673 2667 3716 cum
2730 3655 2912 3719 idem
2993 3668 3276 3740 uterque
3341 3679 3483 3725 non

1955 3748 2227 3829 semper
2265 3748 2623 3824 habuerit,
2679 3768 2813 3813 non
2856 3753 3302 3838 cognomine,
3356 3754 3472 3819 vel
3528 3800 3533 3805 -
3588 3783 3598 3797 ·

1957 3844 2361 3928 agnomine,
2414 3845 2595 3927 quod
2629 3847 2893 3930 utrique
2932 3848 3061 3913 fuit
3092 3867 3486 3920 commune.

1958 3938 2166 4023 Quod
2202 3938 2248 4003 fi
2287 3941 2441 4022 quis
2481 3952 2745 4026 patrem
2798 3943 2982 4008 suum
3037 3964 3160 4031 per
3230 3965 3480 4033 cogno·

1954 4056 2119 4101 men
2185 4035 2612 4117 enunciavit,
2681 4052 2935 4104 certum
2999 4055 3475 4127 argumentum

1956 4130 2378 4219 adoptionis,
2428 4154 2552 4219 per
2591 4154 2796 4220 quam
2830 4142 3177 4224 utriusque
3223 4157 3471 4225 cogno·

1957 4230 2148 4295 mina
2179 4231 2474 4294 variant.
2576 4228 2806 4311 Quare
2856 4237 3085 4301 nescio
3111 4284 3135 4317 ,
3212 4254 3303 4299 an
3334 4252 3481 4302 non

2319 4467 2384 4538 d)
2412 4471 2474 4522 in
2509 4466 2680 4523 Bruto
2716 4485 2764 4522 c.
2797 4471 2889 4537 36.
3086 4471 3142 4541 e)
3175 4471 3342 4528 Tom.
3375 4475 3487 4532 111.

2835 4615 3085 4680 Aaa
