4175 5450
1098 618 1273 698 ‘AD

517 816 721 910 Caput
750 840 979 888 corona
1031 838 1269 908 querna
1320 820 1673 888 redimitum
1727 818 1930 885 offert

414 917 643 983 Venus
679 920 747 981 in
781 918 1117 983 nonnullis
1156 916 1392 984 Iuliae.

518 1013 725 1099 Caput
763 1024 983 1080 tectum
1019 1013 1179 1099 pileo
1234 1016 1428 1103 irfiar
1467 1011 1823 1082 Atalantae
1861 1014 1932 1076 in

413 1113 623 1176 §umis
651 1110 992 1187 Aetolicis,
1042 1111 1114 1172 in
1160 1112 1462 1174 Antonia
1499 1124 1567 1175 et
1617 1109 1928 1177 Plancia

415 1207 575 1271 Non
632 1204 1057 1273 satisfaciunt
1092 1206 1444 1273 variorum
1470 1208 1556 1275 de
1596 1205 1733 1271 hoc
1771 1222 1931 1268 con-

413 1305 740 1389 iecturae.

512 1399 755 1484 Caput,
801 1399 983 1485 cujus
1017 1400 1220 1462 crines
1241 1396 1546 1483 pluribus
1570 1396 1928 1491 filamento-
1972 1478 1978 1487 Ι

416 1515 561 1561 rum
594 1490 842 1561 circulis
875 1495 1144 1578 couigata·
1159 1494 1354 1582 fient,
1400 1495 1475 1559 in
1518 1494 1818 1573 Carifia,
1867 1503 1937 1556 et

413 1590 721 1655 Valeria.
822 1587 1140 1655 Censetur
1200 1589 1504 1674 Sibyllae
1555 1590 1747 1656 nulla
1786 1589 1935 1653 ido

414 1705 551 1751 nea
588 1682 811 1751 causa.

509 1782 714 1868 Caput
744 1790 964 1847 tectum
988 1781 1177 1870 galea
1191 1828 1219 1862 ‚
1273 1784 1373 1850 cui
1398 1782 1644 1869 palmae
1681 1801 1937 1851 ramus-

411 1876 585 1945 culus
618 1875 950 1964 adfigitur.
1075 1880 1151 1943 In
1189 1879 1494 1964 Aquillia
1535 1883 1735 1964 juxta
1783 1880 1939 1945 scri-

411 1974 596 2041 bitur
636 1974 999 2040 VIRTVS.
1119 1975 1354 2038 Simile
1439 1989 1647 2061 caput
1728 1973 1819 2041 est
1865 1978 1938 2041 in

410 2072 632 2155 Axia,
681 2069 858 2133 Iulia
904 2070 985 2138 L.
1042 2069 1391 2150 caesaris,
1444 2072 1749 2151 Licinia,
1801 2072 1933 2137 Lu·

414 2167 635 2245 tatia,
687 2166 1035 2249 Minucia,
1084 2164 1423 2241 Poblicia.
1520 2168 1666 2233 Effe
1697 2166 1938 2234 mulie-

412 2260 537 2326 bre
562 2306 587 2337 ‚
634 2261 839 2325 docet
880 2261 1119 2325 addita
1153 2262 1410 2324 inauris
1444 2264 1512 2324 in
1553 2262 1831 2340 Cal-isia,
1869 2277 1939 2328 et

410 2355 708 2422 Manlia.
809 2355 1047 2418 Simile
1088 2368 1294 2438 caput
1344 2353 1431 2418 est
1475 2357 1545 2419 in
1605 2361 1933 2435 Veturia,

408 2451 527 2515 sed
561 2470 715 2514 cum
752 2450 1097 2514 luculenta
1127 2448 1444 2514 barbula.
1555 2452 1649 2514 At
1682 2449 1935 2515 constat

413 2548 622 2612 etiam
652 2594 681 2623 ,
725 2548 1196 2610 Romanorum
1287 2546 1562 2630 geniem,
1626 2558 1701 2609 ut
1766 2546 1930 2609 olim

398 2642 781 2729 ‘Tirefiam3
832 2642 1120 2706 variass'e
1173 2640 1432 2714 sexum.
1551 2642 1727 2708 Sane
1791 2644 1932 2707 1-10.

404 2762 570 2817 noe,
618 2761 819 2825 quem
852 2740 1304 2828 praecedente
1357 2740 1645 2809 articulo
1708 2741 1929 2804 virum

403 2838 733 2914 vidimus,
765 2840 835 2900 in
872 2856 1079 2900 numo
1123 2833 1390 2898 Galbae
1424 2836 1741 2923 inscripto
1768 2835 1929 2899 Ho-

405 2933 608 2999 NOS.
641 2933 787 2996 ET.
830 2931 1163 2996 VIRTVS
1202 2928 1326 2993 stat
1362 2932 1542 2995 cultu
1588 2933 1925 2999 muliebri.

404 3027 597 3091 Idem
645 3029 877 3114 pastus»
923 3026 1012 3091 est
1040 3028 1269 3089 Bonus
1315 3026 1653 3109 Eventus,
1707 3042 1780 3094 ut
1820 3030 1923 3094 vi-

408 3124 720 3188 debimus
751 3127 820 3187 in
875 3123 1168 3188 denariis
1214 3121 1663 3189 Scriboniae.‘

505 3222 708 3306 Caput
781 3219 1069 3286 muliebre
1143 3217 1467 3303 galeatum
1501 3222 1758 3288 alatum.
1810 3220 1919 3285 Es-

402 3316 469 3380 se
507 3329 713 3403 caput
744 3316 1086 3400 Palladia,
1140 3316 1364 3401 capite
1413 3317 1724 3406 sequente
1759 3337 1922 3405 pro·

398 3411 567 3476 bare
610 3414 1041 3477 contendam.

1148 3503 1184 3537 ρ

972 3555 1011 3588 Q
1327 3552 1373 3586 .-

501 3599 763 3682 Aliqua
840 3601 1043 3664 etiam
1094 3599 1179 3661 de
1239 3596 1579 3682 capitibus
1626 3618 1867 3687 regum·
1900 3649 1921 3680 ,

400 3696 843 3779 virorumque
864 3692 1208 3759 illustrium
1226 3695 1689 3761 memoranda.
1751 3695 1922 3761 Cum

397 3793 657 3856 videris
707 3793 946 3876 capita
994 3789 1311 3872 Quirini,
1349 3791 1663 3870 Numae,
1707 3795 1919 3874 Anci,

396 3888 774 3973 primorum
830 3888 1095 3950 Romae
1164 3906 1439 3973 regum,
1534 3901 1655 3953 aut
1726 3892 1918 3953 Bruti

393 3983 596 4074 primi
638 3983 948 4063 consulis,
998 3981 1292 4060 Ahalae,
1345 3986 1748 4064 aliorumve,
1804 3988 1921 4072 qui

396 4082 624 4164 prima
662 4081 832 4167 reip.
862 4091 1088 4148 aetate
1124 4081 1408 4159 vixere,
1480 4101 1569 4145 ea.
1614 4102 1659 4146 a
1705 4081 1916 4170 poste·

294 4183 305 4190 ·
394 4178 489 4238 rie
537 4179 911 4240 memoriae
939 4224 961 4255 ,
1027 4189 1149 4241 aut
1201 4175 1670 4242 observantiae
1717 4178 1918 4243 eausa

400 4273 633 4335 numia·
670 4272 865 4337 illata
912 4285 1162 4340 teneto»
1248 4273 1445 4342 'Nam
1480 4274 1566 4338 iis
1607 4274 1727 4339 illi
1750 4287 1915 4340 tem-

1374 614 1842 697 NvMos
1941 568 2906 742 FAivileRvM.'

2007 820 2296 909 poribus
2342 822 2698 901 vixerunt,
2775 816 3020 904 quibus
3051 832 3171 884 aut
3206 818 3373 884 nulli
3405 823 3532 884 ad·

2009 917 2144 982 huc
2182 917 2412 1004 [ignati
2443 918 2672 992 numi,
2723 926 2841 977 aut
2867 916 3117 983 nonnifi
3161 919 3381 982 aenei.
3433 923 3528 981 At
3597 911 3601 915 ⁴

2012 1033 2231 1096 neque
2251 1016 2472 1095 numi,
2524 1014 2642 1097 qui
2673 1009 2992 1075 exhibent
3013 1016 3244 1098 capita
3283 1013 3364 1076 L.
3391 1013 3535 1076 Sul·

2009 1110 2161 1188 lae,
2210 1111 2523 1197 Pompeii
2552 1106 2756 1185 Rufi,
2804 1108 3112 1194 Pompeji
3149 1111 3248 1175 M.
3273 1157 3295 1190 ,
3348 1109 3527 1173 alio-

2010 1213 2334 1287 rumque,
2390 1224 2676 1291 quorum
2712 1216 2903 1269 aetas
2924 1204 2996 1267 in
3027 1218 3334 1267 extrema
3361 1206 3565 1291 reip.'

2010 1311 2328 1388 tempora
2377 1302 2662 1378 incidit,
2709 1301 2956 1364 coaevi
2998 1300 3145 1363 sunt
3185 1299 3270 1363 iis
3295 1347 3317 1377 ,
3366 1321 3534 1384 quo-

2014 1416 2167 1460 rum
2202 1396 2609 1463 exhibentur
2644 1397 2873 1482 capita
2897 1443 2917 1476 ,
2985 1397 3098 1460 sed
3140 1415 3184 1461 a
3257 1394 3422 1459 filiis'
3464 1398 3534 1461 in

2013 1506 2290 1584 patrum
2345 1493 2749 1558 memoriam
2816 1492 3065 1578 [ignati.
3189 1491 3396 1575 Quod
3463 1503 3542 1555 ut

2012 1589 2117 1654 rei
2179 1589 2608 1659 monetariae
2691 1586 3057 1698 praefectis
3112 1587 3534 1679 permissum,

2013 1684 2121 1749 ita
2151 1688 2479 1763 vetitum,
2552 1684 2844 1749 viventis
2889 1696 3102 1770 caput.
3167 1687 3238 1748 in
3317 1689 3537 1752 numis

2015 1800 2443 1870 proponere,
2498 1780 2683 1865 quod
2736 1777 2910 1844 istud
2972 1783 3157 1845 omni
3204 1801 3380 1846 aevo
3432 1803 3533 1847 re-

2018 1875 2251 1965 gium‚
2305 1890 2374 1941 et
2405 1878 2827 1963 principatus
2879 1877 3317 1941 certissimum
3368 1880 3537 1942 indi-

2017 1976 2199 2039 cium
2227 1973 2316 2040 est
2351 1974 2680 2039 habitum.
2782 1973 3044 2036 Primus
3074 1985 3220 2036 erat
3263 1972 3323 2046 I
3363 1971 3533 2038 Cae·

2012 2071 2170 2157 sar,
2220 2073 2330 2136 cui
2371 2069 2537 2135 istud
2588 2090 2677 2134 ex
2709 2069 2776 2134 S.
2829 2067 2906 2133 C.
2961 2070 3296 2133 indultum
3357 2065 3538 2149 fuit,

2015 2180 2091 2232 ut
2128 2164 2643 2232 observabimus
2687 2167 2780 2229 ad
2817 2170 2956 2249 ejus
2985 2184 3228 2229 numos
3254 2210 3284 2244 ,.
3328 2178 3534 2250 atque

2014 2263 2185 2328 istud
2228 2266 2442 2329 etiam
2480 2284 2564 2327 ex
2617 2262 2683 2325 S.
2740 2260 2815 2324 C.
2878 2262 3262 2347 permissum
3341 2260 3540 2326 fuiffe

2012 2360 2396 2443 Pompeio,
2449 2359 2700 2422 adserit
2725 2358 3044 2435 Patinu5‚
3100 2355 3163 2440 ⁸)
3238 2357 3355 2423 sed
3396 2379 3540 2444 qua

2016 2453 2480 2515 auctoritate?
2547 2451 2890 2533 Deinceps
2963 2453 3150 2514 nullo
3200 2456 3472 2535 quidem
3507 2503 3534 2534 ,η

2016 2547 2204 2631 quod
2245 2542 2542 2629 constet,
2589 2546 2903 2628 permiss'u
2935 2546 3213 2630 publico
3248 2547 3416 2612 istud
3457 2549 3538 2611 fi-

2011 2642 2083 2706 bi
2119 2646 2227 2727 jus
2262 2640 2587 2728 sumpsere
2627 2640 2778 2702 Sex,
2813 2641 3230 2727 Pompeius*
3274 2643 3530 2707 M.An·

2009 2741 2265 2816 tonius,
2282 2750 2350 2801 et
2377 2735 2459 2801 L.
2479 2735 2829 2800 Antonine
2855 2736 3127 2814 fratres,
3177 2739 3273 2804 M.
3329 2737 3570 2825 Lepi-'

2008 2838 2134 2900 dus
2160 2882 2181 2913 ,
2234 2835 2659 2899 Octavianus
2684 2875 2712 2912 r
2757 2844 2963 2915 atque
3002 2831 3138 2916 ipse
3176 2831 3523 2904 libertati·

2005 2930 2398 2997 amicus-M.
2430 2930 2722 3001 Brutu3,·
2783 2929 2975 2992 Sunt
3011 2929 3217 2991 etiam
3289 2932 3357 2994 in
3416 2932 3525 3000 hie

2002 3029 2224 3093 numis
2271 3029 2504 3112 capita
2567 3045 2799 3112 regum
2862 3038 3247 3089 exterorum
3273 3073 3292 3104 ‚
3370 3027 3532 3092 Phi.

1998 3125 2172 3211 lippi
2212 3125 2330 3190 IV.
2379 3123 2830 3200 Macedonia,
2881 3136 2951 3185 et
2997 3122 3258 3212 Bocchi
3289 3123 3528 3190 Numi.

2003 3222 2170 3299 dae,
2221 3220 2332 3282 sed
2373 3220 2485 3302 qui
2520 3231 2801 3304 propter
2831 3218 3122 3303 gloriam
3204 3217 3517 3283 domesti-

2001 3336 2156 3381 cam
2194 3335 2282 3379 ex
2318 3315 2540 3377 alieno
2569 3315 2866 3376 traducti
2895 3313 3088 3377 fuere
3132 3335 3178 3376 a
3237 3317 3511 3382 Marcio

1999 3411 2347 3496 Philippo,
2367 3422 2434 3471 et
2469 3407 2785 3472 Cornelio
2808 3407 3052 3473 Fausto
3087 3409 3316 3474 Sullae
3345 3411 3539 3493 filio..

2000 3520 2075 3571 ut
2110 3510 2179 3570 in
2212 3506 2459 3570 horum
2496 3504 2792 3569 denariis
2832 3505 3133 3569 dicetur..

2757 3598 2806 3631 ᾕ-

2936 3649 2972 3683 ι

2102 3695 2511 3782 catalogum
2553 3650 2838 3758 ‹leot-um
2885 3697 3339 3780 dearumque,
3391 3700 3514 3783 qui

1978 3792 2070 3857 ‘in
2115 3791 2219 3856 his
2265 3793 2485 3856 numia
2521 3803 2918 3870 occurrunt,
2969 3803 3038 3855 et
3093 3811 3228 3877 quo
3267 3791 3541 3866 fuerint.

2000 3889 2239 3954 habitu
2264 3937 2283 3968 ‚
2334 3889 2469 3953 hoc
2501 3890 2673 3953 loco
2695 3888 3070 3955 describere
3111 3888 3515 3974 supervaca-

1999 4007 2203 4051 neum
2236 3997 2443 4073 puto,
2496 3985 2657 4070 quia
2705 3986 3056 4069 Romanae
3103 3987 3513 4073 mythologi-

2002 4104 2086 4150 ae
2121 4084 2188 4147 in
2249 4083 2589 4170 plerisque
2627 4101 2777 4144 cum
2827 4081 3098 4148 Graeca
3145 4088 3465 4172 convenit
3494 4131 3518 4165 ,

2002 4191 2081 4243 et·
2116 4199 2290 4265 quae
2326 4179 2427 4243 illi
2460 4178 2606 4242 sunt
2643 4180 2961 4265 propria,
3012 4200 3134 4265 per.
3170 4180 3352 4266 ipsos
3390 4201 3508 4245 nus·

2003 4295 2162 4342 moa
2195 4279 2522 4343 docentur
2549 4323 2570 4354 ‚
2624 4287 2692 4342 et
2721 4277 2880 4363 peti.
2910 4287 3234 4362 poterunt
3279 4298 3373 4342 ex.
3417 4278 3534 4344 in·-

400 4512 3540 4554 ’Ἣ

459 4578 525 4645 ὁ),
556 4576 815 4668 adssuet,
851 4597 984 4654 pag,
1021 4583 1129 4646 66..

2964 4662 3127 4734 La-

3443 642 3639 720 ⁸3-
