4175 5450
180 3301 193 3314 .
254 3245 269 3262 ⁸
316 3258 766 3322 referendum.

1206 524 1607 662 NVM1⁰
1660 570 2593 661 convaanns.
3169 672 3179 682 ,
3383 615 3464 679 ,5

316 784 522 848 numis
566 781 909 875 instuspfiffl
962 793 1150 869 caput
1201 786 1557 870 geminum,
1630 795 1690 849 et
1757 805 1839 850 ex
1930 782 2094 845 mini
2151 795 2432 868 propter
2460 790 2720 855 notam·
2744 778 2789 844 S
2833 779 3243 869 additusque
3312 799 3450 851 tres

310 877 518 945 attera
536 892 741 964 parte
785 892 903 947 aut
935 890 1158 959 ratem,
1207 890 1325 946 aut
1357 903 1462 945 cor
1466 901 1669 959 onam,
1721 891 1837 944 aut
1927 877 2242 962 globulos
2271 878 2445 942 inter
2481 878 2855 943 dodrantes
2893 874 3149 944 referre
3205 882 3400 947 velis.

186 1058 197 1067 .
314 977 668 1060 navigium.
771 976 1038 1041 Similia
1076 975 1287 1041 refert
1313 973 1719 1041 Eustathius.
1775 971 1876 1053 ὃ)

312 1069 377 1133 N
386 1088 612 1134 umum
654 1070 838 1163 urbis
876 1071 1183 1137 Graecae
1204 1085 1321 1138 aut
1353 1070 1619 1134 Siculae
1677 1091 1832 1135 cum

310 1165 419 1229 his
476 1136 789 1250 utrinque
875 1168 1062 1252 typis
1141 1168 1395 1232 nullum
1471 1165 1828 1231 habemuS.

315 1258 453 1343 Qui
484 1261 816 1346 superant,
870 1264 1165 1327 Romani
1206 1264 1390 1328 haud
1430 1262 1632 1326 dubie
1660 1264 1826 1326 sunt.

311 1355 692 1419 Secundum
736 1357 1027 1422 Plinium
1077 1348 1143 1443 b)
1192 1371 1391 1436 tum,
1433 1377 1585 1421 cum
1630 1379 1706 1421 as
1738 1358 1830 1421 ad

312 1452 796 1516 sextantarium
837 1455 1131 1530 decidit,
1181 1464 1335 1520 nota
1374 1455 1545 1521 aeris
1595 1450 1831 1538 (assis)

199 1542 439 1631 fiat
485 1567 566 1611 ex
610 1547 808 1613 altera
834 1559 1028 1636 parte
1073 1550 1279 1617 Ianus
1348 1534 1678 1634 geminus,
1751 1569 1832 1614 ex

314 1643 521 1706 altera
554 1640 816 1729 rostrum
859 1647 1081 1721 navis,
1146 1648 1214 1709 in
1269 1649 1495 1710 triente
1576 1665 1723 1708 vero
1771 1653 1832 1708 et

312 1735 660 1819 quadrante
692 1748 888 1808 rates.
1017 1740 1270 1803 Parum
1319 1739 1486 1803 istud
1535 1760 1701 1817 vere
1742 1748 1832 1803 et

313 1833 637 1894 concinne
666 1832 1026 1901 secundum
1061 1855 1303 1900 numos
1335 1883 1355 1913 ‚
1409 1855 1567 1898 nam
1617 1836 1827 1898 iidem

300 1930 462 2011 ,typi
506 1926 990 2010 Jam=exsttint
972 1951 1042 1993 m
1071 1930 1368 2007 assibus,
1423 1931 1535 2014 qui
1568 1929 1824 1991 sextan-

309 2022 526 2089 tarios
562 2034 786 2087 aetate
812 2025 1092 2087 multum
1127 2026 1567 2110 praecedunt.
1619 2025 1825 2087 Dein·

313 2118 399 2179 de
435 2137 571 2181 non
598 2118 903 2205 intelligo
946 2121 1341 2200 discrimen,
1395 2122 1579 2205 quod
1636 2120 1694 2181 is
1755 2121 1827 2183 in'

317 2209 527 2275 rostro
560 2216 756 2277 navis
797 2215 1087 2294 assium,
1141 2230 1209 2280 et
1260 2228 1408 2280 rate
1455 2217 1711 2291 trientis
1762 2228 1829 2279 et

222 2296 249 2323 ⁸
317 2307 714 2390 quadrantis
748 2309 1123 2387 constituit,
1177 2333 1332 2375 cum
1390 2313 1460 2375 in
1512 2309 1827 2376 omnibus

318 2508 387 2558 et
426 2501 723 2581 partium
773 2517 1102 2589 compage
1139 2546 1159 2576 ,
1226 2500 1337 2561 etsi
1378 2501 1560 2563 ide-m
1606 2498 1826 2560 discri-

317 2613 472 2655 men
506 2594 822 2678 propinet
857 2594 1064 2657 etiam
1092 2592 1357 2657 Festus·
1408 2600 1463 2673 θ)

302 2751 313 2762 ,
409 2689 506 2751 As
546 2687 718 2751 alter
759 2709 802 2751 a
884 2687 1097 2753 solitis
1165 2690 1588 2777 receptisque
1640 2689 1826 2776 typis

317 2784 616 2848 discedit.
716 2782 1061 2865 Quoniam
1113 2785 1474 2848 secundum
1522 2798 1825 2851 veterum

317 2876 731 2956 testimonia,
785 2899 958 2963 quae
997 2882 1223 2967 capite
1248 2880 1302 2945 1.
1335 2882 1677 2956 recitavi,
1712 2900 1828 2944 an-

226 3023 239 3036 .
316 2973 691 3058 tiqnissima
733 2973 1197 3039 Romanorum
1236 2989 1517 3039 moneta
1565 2976 1827 3062 pecude

316 3069 578 3153 insignis
614 3067 791 3144 fuit,
842 3071 1027 3133 credi
1070 3071 1327 3156 poss‘et,
1384 3071 1587 3134 ass'em
1648 3071 1825 3134 hunc
1866 3085 1872 3092 ·

316 3165 491 3227 inter
523 3165 718 3228 initia
751 3165 848 3224 rei
890 3167 1354 3230 Romanorum
1402 3167 1827 3231 monetariae

866 3264 1115 3324 Verum
1165 3281 1299 3324 non
1348 3263 1608 3326 addicit
1663 3281 1826 3346 pon·

316 3356 496 3431 dus,
549 3356 734 3439 quod
793 3376 944 3418 eum
979 3358 1270 3454 demptis
1339 3371 1629 3441 quatuor
1684 3356 1828 3420 fere

317 3451 526 3513 unciis
563 3449 882 3514 inferiore
912 3452 1069 3515 loco
1106 3437 1464 3517 constituit.

418 3733 653 3802 Deunx
680 3783 699 3816 ,
766 3731 1060 3804 Dex'tans
1085 3785 1104 3815 ‚
1170 3705 1471 3803 Dcdrans
1491 3783 1513 3815 ,
1562 3736 1687 3801 Bes
1710 3784 1731 3816 ‚

924 3833 1233 3917 septunx.

418 4025 559 4087 Tot
612 4026 1011 4100 unciarum,
1063 4035 1232 4110 quot
1306 4024 1480 4088 haec
1552 4026 1833 4089 nomina

325 4121 722 4197 enunciant,
775 4119 904 4184 five
949 4123 1300 4205 pondere,
1383 4120 1514 4184 five
1592 4121 1883 4185 valore·

282 4255 291 4264 ·
328 4235 545 4299 neque
587 4216 1013 4295 Romanum,
1068 4236 1284 4301 neque
1333 4216 1614 4290 Italicae
1647 4214 1831 4280 urbis

323 4330 600 4372 numum
640 4309 961 4396 signatum
1019 4313 1394 4391 habemus,
1474 4312 1588 4376 nifi
1655 4310 1837 4374 forte

260 4391 281 4413 ’“
327 4423 600 4470 numum
650 4410 867 4492 gentis
909 4405 1235 4516 Cassiae,⁸
1270 4412 1521 4489 cujus§
1558 4408 1677 4471 111.
1700 4427 1837 4469 me·

400 4613 455 4679 a)
492 4611 567 4664 ad
602 4611 786 4685 odyff.
824 4616 891 4671 E.
927 4635 983 4680 v.
1021 4634 1143 4688 2⁵¹«

1332 4614 1391 4685 b)
1426 4617 1493 4680 1..
1527 4617 1998 4688 xum-513.

2532 1068 2854 1159 Semi-r,-

2025 1260 2229 1342 Caput
2272 1262 2495 1337 Iovis,
2530 1258 2737 1343 juxta
2768 1259 2837 1324 S.
2936 1266 2995 1335 x
3057 1262 3277 1328 erm
3328 1258 3449 1330 ἰα’-

1924 1357 2026 1420 vis
2050 1402 2070 1433 ,
2104 1355 2372 1441 fieperne
2407 1356 2473 1423 S.
2573 1359 2743 1420 Vnc.
2768 1357 2856 1438 5}
2893 1367 2958 1420 et
2992 1357 3301 1427 deorsum
3338 1380 3441 1423 us-

1925 1472 2055 1534 que
2095 1451 2183 1513 ad
2243 1472 2266 1512 1
2337 1449 2570 1514 drach.
2623 1451 2900 1529 (Passeri
2928 1442 3317 1545 ,'Zelada.)
3355 1466 3364 1472 ’

2020 1545 2210 1609 Nota
2239 1545 2517 1610 semissis
2566 1544 2654 1608 est
2714 1547 2802 1625 S,
2877 1566 3006 1632 pro
3069 1548 3246 1625 hac,
3327 1549 3440 1613 sed

1924 1641 2258 1704 rarissime
2296 1643 2365 1704 in
2406 1640 2785 1705 semissibus
2836 1641 3104 1705 urbium
3164 1643 3439 1721 Italica·

1923 1756 2072 1799 rum
2119 1736 2234 1798 sex
2272 1734 2557 1823 globuli.
2648 1737 2902 1822 Typus
2965 1739 3035 1801 in
3105 1739 3480 1825 Romanis·

1924 1851 2060 1895 non
2093 1831 2339 1896 variat.
2436 1832 2649 1895 Pauci
2683 1833 2782 1897 ini
2807 1832 3091 1897 semiss'es
3127 1831 3439 1898 familiae

1920 1929 2198 1991 nomine
2231 1929 2492 2010 notati,
2545 1928 2661 2012 qui
2708 1927 2849 1992 alio
2883 1928 3031 1992 sunt
3074 1940 3288 2014 type,
3338 1931 3439 1993 vi·

1924 2024 2168 2087 dentur
2243 2025 2471 2087 verius
2568 2037 2765 2087 extra
2845 2023 3083 2088 urbem
3155 2016 3439 2108 signati,

1920 2119 2159 2203 quales
2200 2120 2344 2183 sunt
2394 2118 2692 2203 inscripti
2760 2119 3014 2205 triplici
3096 2120 3370 2183 nomine
3415 2141 3438 2183 ε

1923 2206 2075 2282 cn.
2113 2214 2382 2281 D0M1.
2408 2215 2506 2277 M.
2544 2214 2773 2281 sum.
2817 2214 2906 2297 Q.
2948 2212 3254 2279 cvn‘n.
3285 2215 3435 2278 vel:

1874 2340 1885 2351 ·
1922 2310 2010 2372 T.
2056 2310 2282 2378 POM.
2326 2313 2394 2374 in
2445 2310 2663 2375 numis
2703 2310 2918 2397 gentis
2959 2310 3356 2397 Pompeiae.

315 2400 422 2464 his
468 2401 541 2465 fit
574 2422 782 2487 prora
815 2405 1011 2471 navis
1039 2406 1279 2468 eadem
1310 2408 1569 2489 semper
1600 2405 1829 2468 forma
1868 2478 1879 2489 ⁸

2448 2499 2911 2585 quincunx.

2018 2685 2224 2771 Caput
2255 2687 2567 2774 Apofflnis
2599 2686 2948 2754 laureatum
2970 2732 2993 2773 ,
3040 2708 3202 2800 pene
3238 2691 3433 2765 1¹.ae

1924 2777 2218 2846 ROMA.
2323 2781 2614 2871 Dioscuri
2676 2788 2743 2848 in
2781 2788 2922 2849 citis
2981 2787 3182 2870 equis,
3256 2785 3436 2870 infra

1917 2879 2184 2963 quinque
2208 2879 2468 2963 glob'uli.
2522 2869 2724 2965 (Mur.
2775 2876 3006 2972 Caes.)

2016 2973 2348 3037 Pass'erius
2390 2976 2834 3060 quincuncem
2880 2975 3134 3037 nullum
3162 2977 3429 3051 recitat,

1918 3088 2137 3154 neque
2172 3069 2379 3133 ullum
2418 3090 2570 3134 cum
2604 3070 2972 3157 epigraphe
2988 3072 3254 3144 ROMA
3293 3092 3428 3134 me·

1919 3176 2148 3227 morat
2182 3166 2385 3229 emin.
2416 3166 2695 3230 Zelada.
2795 3167 3001 3230 Forte
3037 3187 3254 3251 neque
3296 3167 3430 3243 hic,

1921 3279 2126 3343 quem·
2167 3279 2252 3323 ex
2281 3261 2507 3324 museo
2548 3260 2880 3325 Caesareo
2915 3261 3218 3346 descripsi
3241 3309 3259 3339 ,
3313 3283 3431 3325 nu-

1922 3375 2071 3417 mus
2105 3352 2294 3418 estin
2332 3356 2498 3419 urbe
2536 3355 2860 3439 signatus,
2911 3356 3271 3420 secundum
3321 3349 3428 3436 ea,
3479 3437 3489 3448 ·

1921 3470 2101 3534 quae
2151 3451 2465 3514 dicentur
2503 3448 2688 3514 infra
2725 3470 2876 3537 cap.
2915 3452 3029 3516 VI.
3069 3457 3103 3530 ς
3135 3473 3207 3534 3,

2386 3679 2394 3686 ·
2507 3643 2831 3707 Triens.

2020 3829 2224 3916 Caput
2270 3828 2551 3897 Paffadis
2575 3876 2601 3909 ,
2654 3834 2861 3919 jxxta
2912 3853 2959 3914 4
3013 3830 3273 3916 globuli.
3375 3840 3433 3909 x

1920 3924 2139 3991 Prora
2180 3929 2400 4007 navis,
2434 3930 2641 4015 juxta
2677 3952 2727 4014 4
2761 3926 3023 4015 globuli.
3120 3929 3432 3992 Pondere

1924 4023 2250 4108 analogo.

2019 4119 2218 4183 Alios
2253 4119 2530 4184 trientes
2553 4120 2906 4206 inscriptos
2936 4120 3205 4182 ROMA
3229 4140 3434 4204 quae·

1923 4236 1996 4278 re
2038 4211 2223 4278 infra
2269 4217 2493 4300 capite
2529 4217 2714 4296 v1.§
2751 4238 2821 4300 3.

2023 4311 2337 4394 Quatuor
2372 4310 2629 4397 globuli
2679 4314 3027 4390 trientem,
3079 4309 3192 4374 seu
3272 4331 3443 4395 qua«

1880 4419 2082 4471 tuor
2112 4407 2348 4470 uncias
2393 4404 2734 4471 testantur.
2860 4405 3104 4495 Caput·
3133 4406 3438 4487 Palladis

2137 4569 2142 4578 -
2190 4618 2243 4685 c)
2277 4618 2337 4669 in
2353 4567 2636 4685 Ratitum.
