4175 5450
481 643 488 656 ’
609 573 802 697 ἰιι

651 811 840 879 telam
849 808 1467 902 pnpiHiMciperent,
1471 817 1910 897 mumurque
1922 828 2188 892 regnum

652 911 963 995 Aegypti.
1018 946 1042 960 ·
1173 910 1547 975 ·Mittitur
1585 919 1646 974 et
1679 909 1782 975 M.
1817 906 2140 992 Lepidus
2115 924 2184 970 m

523 1039 530 1044 ·
653 1008 726 1074 A
728 1015 1019 1090 egyptum
1038 1053 1059 1087 ,
1126 1009 1235 1091 qui
1309 1009 1551 1076 tator-io
1611 1009 1855 1070 nomine
1916 1021 2183 1087 regnum

652 1102 869 1190 pnpilli
905 1102 1307 1191 administret.
1410 1103 1601 1166 Idem
1640 1099 1902 1164 factum
1944 1119 2180 1166 exem-

655 1201 754 1286 pli
790 1199 994 1263 causa
1025 1211 1364 1263 memorat
1380 1201 1708 1263 Tacitus.
1764 1197 1825 1280 ⁸)
1878 1193 2180 1280 exemplo,

1913 603 2525 684 AEMILIA,

2267 811 2434 876 mini
2481 809 2727 875 dicitur
2784 805 3100 897 pontifex
3154 802 3494 877 maximus
3549 813 3634 879 V.
3706 812 3785 882 C.

2263 920 2458 992 574,
2508 904 2570 989 ⁶)
2622 906 2845 973 consul
2877 899 2992 998 ²11
3048 909 3129 972 V.
3185 905 3259 974 C.
3300 923 3475 992 578.
3596 916 3786 979 Vnus

2266 1007 2420 1069 viro
2483 1003 2752 1068 erudito
2828 949 3175 1090 sc'rupulus
3226 1003 3500 1089 haeret,
3602 1012 3791 1094 quod

2264 1102 2421 1165 Val.
2460 1100 2779 1164 Maximo
2826 1119 2996 1164 unus
3044 1101 3381 1165 duntaxat
3443 1123 3568 1166 rex
3618 1125 3790 1192 puer

2251 1208 2727 1280 memoratur,
2782 1215 2921 1282 quo
2984 1194 3405 1281 permiss'um
3422 1193 3541 1262 fibi
3596 1215 3793 1287 putat

597 1301 604 1312 ‘
655 1317 778 1384 qao
807 1297 1081 1381 majores
1119 1296 1218 1361 M.
1260 1295 1561 1382 Lupiam
1594 1292 1930 1360 Ptolemaei
1969 1291 2186 1360 uberis
2262 1294 2705 1359 librariorum
2763 1292 3039 1379 culpam
3094 1291 3388 1356 modeste
3438 1293 3792 1384 suspicari,

655 1403 927 1460 tutorem
962 1397 1030 1459 in
1077 1394 1443 1479 Aegyptum
1483 1392 1808 1480 miserant.
1890 1390 2066 1453 Rem
2106 1386 2182 1449 il·

656 1487 981 1568 lustrem,
1032 1503 1240 1574 atque
1275 1502 1377 1554 tot
1411 1503 1695 1574 tamque
1761 1486 1964 1550 claris
2009 1480 2184 1548 testi·

658 1588 788 1654 bus
821 1585 1299 1651 confirmatam
1337 1589 1588 1652 mirum
1645 1581 1963 1672 profecto
2035 1594 2189 1645 tam

658 1683 879 1773 spissis
919 1683 1173 1771 septam
1204 1682 1548 1762 tenebris,
1623 1694 1697 1745 ut
1757 1682 1910 1765 quis
1981 1676 2192 1742 fuerit

661 1781 775 1846 hio
805 1780 1279 1859 Ptolemaeus,
1333 1781 1441 1843 cui
1479 1779 1779 1866 Lepidus
1840 1778 2041 1840 datus
2081 1786 2193 1836 tu-

519 1879 528 1886 ’
665 1892 814 1954 tor,
866 1879 1166 1942 nondum
1206 1877 1552 1963 perspicue
1593 1875 1666 1938 fit
1715 1872 2135 1960 explicatum
2170 1913 2192 1947 ,

661 1977 852 2055 cujus
892 1973 1423 2058 ambigui-causa
1443 1977 1589 2057 jure
1626 1984 1985 2037 auctorum
2003 1980 2195 2033 vete-

662 2090 816 2135 rum
851 2070 1299 2157 negligentiae
1342 2070 1701 2152 tribuitur,
1755 2065 1934 2134 male
1977 2061 2193 2153 poste-

665 2168 896 2242 ritati,
944 2170 1014 2229 in
1075 2172 1264 2253 cujus
1318 2166 1760 2230 commodum
1819 2162 2192 2251 scripsere,

665 2261 1195 2339 consulentium,
1247 2283 1400 2328 cum
1464 2273 1568 2326 tot
1622 2265 1906 2327 numero
1960 2256 2196 2323 Ptolo·

668 2376 954 2436 maeos,
1008 2362 1194 2443 quod
1255 2359 1664 2447 plerumque
1718 2357 2022 2434 factum,
2109 2372 2195 2416 ne

668 2455 1026 2518 minimum
1069 2459 1347 2539 quidem
1386 2453 1884 2540 distinguerent.
2013 2449 2195 2516 Vss'e-

668 2551 836 2626 rius,
888 2571 1176 2638 eumque
1211 2553 1415 2619 secuti
1446 2552 1564 2615 alii
1590 2552 1897 2637 plerique
1929 2560 2197 2637 patrem

637 2646 915 2741 xpupilli
979 2651 1245 2715 censent
1277 2649 1493 2718 ‚fuisse
1545 2648 2020 2714 Ptolemaeum
2079 2646 2196 2708 lv.

547 2780 568 2801 ‚-
668 2744 1164 2831 Philopatora,
1217 2746 1598 2837 pupillum,
1649 2764 1854 2830 quem
1877 2744 2197 2811 denarius

671 2841 787 2906 hic
833 2840 1023 2921 sistit,
1075 2846 1550 2910 Ptolemaeum
1593 2844 1678 2907 V.
1744 2841 2198 2927 Epiphanem.

672 2942 770 3001 At
800 2939 1078 3024 Pighius
1131 2941 1393 3004 miss'um
1458 2959 1505 3003 a
1558 2936 1789 3002 senatu
1858 2935 2201 3022 Lepidum

676 3034 988 3115 conjicit,
1040 3039 1158 3119 qui
1191 3035 1574 3100 Ptolemaei
1606 3035 1694 3099 V.
1729 3030 2110 3119 Epiphania
2127 3028 2199 3092 fi-

529 3150 542 3164 ·
676 3128 811 3194 lios
849 3130 1321 3197 Ptolemaeum
1355 3130 1474 3194 VI.
1545 3130 2061 3207 Philometore,
2137 3139 2205 3191 et

677 3227 1156 3293 Ptolemaeum
1192 3228 1348 3293 VII.
1407 3226 1767 3310 Physcona
1824 3235 2203 3304 tutaretur,

681 3326 976 3406 quorum
1014 3344 1138 3414 per
1169 3327 1614 3390 immaturam
1646 3334 1946 3388 aetatem
1983 3326 2206 3408 Aegy·

680 3423 989 3507 ptiorum
1038 3442 1146 3487 res
1206 3422 1591 3510 perditum,
1668 3432 1736 3484 et
1825 3421 2209 3507 Syrorum,

639 3521 876 3605 quod
913 3520 1240 3585 nolebant
1260 3520 1584 3596 Romani,
1606 3528 1882 3582 auctum
1913 3518 2127 3582 ibant.
2147 3513 2210 3599 Ι’)

577 3695 585 3701 ‚
689 3615 980 3683 Causam
1028 3618 1276 3704 repetit
1346 3615 1439 3681 ab
1497 3616 1634 3681 hoc
1688 3614 1835 3701 ipso
1889 3615 2212 3692 dendrio,

692 3725 761 3777 et
794 3715 950 3779 Val.
988 3716 1343 3793 Maximo,
1394 3731 1442 3777 a
1477 3712 1725 3798 quibus
1758 3711 2060 3798 Lepidus
2087 3730 2218 3776 no·

696 3808 859 3887 fler,
913 3831 1050 3894 quo
1081 3825 1391 3897 tempore
1438 3810 1616 3895 regis
1668 3809 1864 3897 pueri
1928 3807 2217 3874 tutelam

687 3905 975 3995 suscepit
1000 3954 1020 3986 ,
1071 3904 1670 3992 dicitis-pontifex
1704 3906 2045 3973 maximus
2073 3953 2098 3986 ,
2151 3917 2222 3970 et

699 4003 928 4068 consul
962 4007 1206 4069 iterum
1237 4051 1256 4084 ,
1308 4004 1426 4089 qui
1461 4015 1698 4067 tamen
1747 4000 1999 4066 nonnifi
2033 4021 2216 4066 oom-

697 4100 1005 4187 pluribus
1060 4098 1207 4189 post
1236 4100 1702 4188 Philopatoris
1760 4110 2052 4163 mortem
2095 4117 2217 4163 an-

694 4198 805 4261 nis
843 4211 1202 4284 utramque
1245 4197 1438 4262 hanc
1484 4198 1886 4284 dignitatem
1936 4192 2028 4258 est
2096 4196 2214 4260 ad-

2266 1390 2722 1477 scriptumque
2752 1388 2931 1455 forte
2936 1388 3099 1477 filus
3135 1406 3262 1475 pro
3278 1390 3441 1476 filio.
3540 1394 3648 1457 En
3693 1396 3791 1460 vi·

2266 1488 2327 1550 ri
2362 1483 2762 1574 praestantis
2803 1486 3225 1563 sententiam,
3278 1486 3388 1549 sed
3413 1510 3619 1575 quam
3643 1511 3795 1577 gra-

2268 1585 2549 1649 vissima
2589 1581 2731 1646 alia
2770 1593 3174 1668 argumenta
3213 1583 3560 1650 manifeste
3605 1608 3794 1650 ever·

2269 1692 2444 1748 tunt.
2593 1679 2857 1744 Omitto
2908 1678 3218 1755 leviora,
3272 1699 3449 1763 quae
3538 1687 3798 1769 oppon‘i

2273 1778 2576 1865 possunt,
2629 1794 2806 1858 non,
2854 1775 3040 1861 quod
3081 1775 3301 1840 censet
3331 1777 3652 1864 Pighius,
3705 1779 3798 1844 se-

2272 1887 2509 1939 natum
2565 1871 2801 1960 suapte
2847 1870 3135 1936 tutelam
3190 1893 3553 1956 puerorum
3597 1876 3798 1942 susce·

2272 1971 2479 2058 piss'e,
2529 1969 2642 2034 sed
2671 2016 2691 2047 ,
2744 1980 2819 2033 ut
2850 1968 3153 2054 prodidit
3191 1970 3342 2033 Val.
3393 1973 3740 2038 Maximus
3773 2023 3798 2055 ,

2275 2089 2364 2150 ex
2398 2064 2797 2132 testamento
2832 2065 3091 2152 patris,
3146 2077 3220 2130 ut
3286 2065 3607 2148 Iustinus,
3674 2092 3799 2157 pe..

2273 2164 2571 2231 tentibus
2626 2161 3135 2227 Alexandrinis.
3252 2166 3362 2228 Ad
3415 2166 3588 2229 haee
3655 2188 3803 2232 me.

2272 2272 2634 2326 morantur
2672 2279 2719 2323 a
2768 2257 3113 2323 veteribus
3175 2271 3439 2325 tutores
3505 2256 3817 2328 filiorum'

2276 2357 2660 2446 Epiphania
2699 2353 3076 2441 Cleopatra
3129 2369 3391 2435 mater,
3458 2360 3796 2439 Eulaius,

2284 2455 2640 2533 Lenaeus,
2693 2442 2751 2530 11)
2802 2463 3010 2537 atque
3046 2452 3219 2516 inter
3265 2454 3439 2520 haec
3494 2456 3662 2520 nihil
3717 2460 3821 2523 de·

2284 2550 2606 2639 praestita
2645 2568 2688 2612 a
2740 2550 3072 2613 Romanis
3110 2551 3348 2615 tutela.
3475 2551 3680 2635 Quod
3759 2555 3807 2620 fi
3854 2599 3869 2612 .

2277 2667 2583 2714 errorem
2619 2643 2984 2731 suspicatur
3022 2645 3091 2708 in
3132 2647 3291 2710 Val.
3332 2648 3648 2713 Maximo
3680 2650 3807 2715 fili·
3900 2653 3905 2658 ’

2282 2768 2398 2811 ιιιιι
2439 2764 2641 2809 ιιιιιιιιι
2692 2762 2819 2831 pro
2881 2743 3059 2807 binis
3113 2745 3487 2831 prodente,
3552 2750 3806 2814 necell'e

2278 2845 2415 2907 erit
2453 2841 2731 2927 culpare
2782 2859 3055 2925 quoque
3102 2838 3456 2922 Iustinum,
3530 2845 3804 2910 unicum

2284 2942 2493 3004 etiam
2532 2933 2865 3023 pupillum
2906 2938 3330 3023 prodentem.
3447 2942 3541 3005 At
3590 2945 3808 3008 maxi·

2283 3056 2396 3099 me
2430 3031 2691 3096 fallitur
2730 3031 3047 3117 Pighius,
3123 3037 3308 3119 quod
3366 3055 3612 3102 revera
3657 3060 3811 3105 een-

2285 3133 2547 3207 suerat,
2600 3142 2881 3215 propter
2913 3132 3325 3205 mentionem
3366 3133 3804 3218 pontificatus

2289 3226 2577 3292 maximi
2604 3233 2881 3309 ,'quem
2921 3227 3150 3291 multis
3204 3230 3407 3294 serius
3450 3232 3645 3296 annis
3688 3233 3814 3298 Le-

2286 3326 2493 3412 pidus
2550 3323 2811 3401 adivit,
2888 3324 3143 3387 dictam
3199 3346 3473 3411 quoque
3525 3328 3817 3393 tutelam

2293 3418 2791 3487 differendam:
2865 3421 3135 3484 Etenim
3171 3423 3514 3488 luculento
3558 3426 3698 3490 alio
3717 3441 3820 3491 te-

2294 3518 2608 3584 stimonio
2658 3515 2866 3583 facile
2931 3517 3404 3603 mebant-im,
3453 3541 3589 3584 non
3623 3520 3819 3588 finire

2297 3616 2683 3702 Lepidum,
2735 3635 2953 3700 neque
2995 3614 3121 3678 ess'e
3169 3617 3453 3704 potuisse
3487 3617 3621 3682 hoc
3672 3640 3823 3684 ma-

2298 3712 2572 3799 gistratu
2622 3710 2941 3797 insignem
2983 3714 3127 3793 jam
3170 3725 3357 3791 tum,
3407 3733 3567 3777 cum
3591 3716 3828 3803 pupil-

2297 3809 2348 3873 li
2383 3808 2585 3872 causa
2620 3808 2691 3870 in
2717 3809 3109 3894 Aegyptum
3147 3807 3497 3896 profectus
3524 3809 3633 3874 est.
3713 3814 3829 3879 En

2299 3902 2519 3969 verba
2552 3903 2735 3968 Livii
2799 3917 3007 3990 capta
3048 3926 3137 3971 ex
3188 3909 3327 3990 ejus
3379 3908 3833 3992 epitome.)

2297 4000 2381 4066 P.
2417 4001 2696 4066 Πάκκιε
2729 4000 3019 4092 Craffus,
3098 4024 3234 4079 oum
3303 4001 3466 4068 idm
3522 4007 3838 4091 pontifis·

2293 4099 2619 4165 macionus
2663 4097 2833 4188 effic,
2885 4098 3054 4185 quod
3090 4118 3407 4188 numnam
3474 4114 3662 4171 antea
3701 4105 3839 4193 fa-

2295 4204 2468 4262 ctum
2507 4195 2772 4283 fuerat,
2846 4205 3037 4262 extra
3107 4196 3368 4263 Italiam
3453 4203 3841 4287 profectus,

707 4306 928 4379 eptus.
1026 4296 1342 4360 Mortuus
1384 4292 1476 4359 est
1531 4294 1940 4379 Philopator
1984 4293 2071 4357 V.
2138 4290 2211 4364 C.
2284 4291 2531 4380 praelio
2565 4298 2767 4360 virtus
2796 4302 2857 4360 et
2892 4297 3297 4379 interemptus
3324 4295 3423 4382 est.
3536 4298 3855 4368 Factum

704 4413 894 4478 550,
947 4392 1247 4479 Lepidus
1284 4395 1354 4456 in
1389 4392 1619 4456 locum
1656 4389 1733 4459 C.
1783 4388 2056 4456 Servilii
2086 4387 2216 4454 Ge·

780 4636 1003 4699 a)Ann
1013 4634 1142 4696 ..ΙΙ
1178 4651 1224 4686 o.
1260 4634 1351 4699 67.

713 4708 863 4759 Διιιι.
899 4707 1021 4774 Syr.
1058 4704 1136 4757 ad
1170 4719 1302 4756 anu.
1341 4702 1412 4755 A.
1449 4700 1523 4754 Χ.
1563 4717 1681 4769 ¹73
1718 4699 1831 4771 seq.

1558 4628 1869 4693 b)Annal
1905 4632 1978 4684 Τ
2015 4631 2095 4689 11.
2132 4647 2189 4701 p.
2225 4642 2429 4695 403..

2001 4699 2348 4766 e>L.1.1x.

2294 4389 2467 4455 istud
2505 4392 2596 4459 V.
2637 4389 2716 4458 C.
2768 4394 2947 4476 623,
3017 4393 3088 4455 in
3139 4390 3323 4456 bello
3372 4412 3445 4456 a
3489 4396 3853 4467 Romanis

2557 4628 3319 4695 m)1.iu21..xt,.e.42.
3513 4629 3865 4696 ᾶὶΐιόῑίςὶ
