4175 5450
874 603 1008 668 282

712 833 731 854 ..
849 785 1046 870 hujus
1088 782 1350 851 denarii
1388 801 1550 850 vere
1584 774 1656 848 in
1690 780 2088 870 Hispaniam
2129 782 2363 846 videa·

820 875 960 946 'tur
989 883 1303 971 appulsus
1331 931 1351 961 ,
1400 881 1587 946 nullo
1638 892 1843 966 pacto
1918 880 1989 942 in
2070 879 2362 942 alterum

845 978 981 1044 hoc
1023 992 1287 1066 tempus
1314 977 1628 1042 denarius
1666 976 1780 1039 hic
1819 971 2033 1059 potest
2070 973 2357 1038 moveri.

944 1074 1102 1158 Quo
1138 1076 1354 1137 minus
1396 1071 1760 1153 antiquarii
1809 1072 2162 1135 denarium
2196 1069 2359 1131 alte·

848 1189 997 1235 rum
1032 1172 1101 1233 in
1138 1167 1442 1252 Pompeii
1478 1167 1625 1229 vivi
1659 1179 1974 1254 tempora
2009 1175 2361 1254 vocarept,

850 1264 964 1330 etsi
1006 1277 1326 1349 typorum
1376 1261 1734 1327 fimilitudo
1788 1274 2087 1326 aetatem
2150 1258 2363 1346 priori

845 1360 1295 1443 synchronam
1376 1358 1726 1435 suaderet,
1802 1355 2052 1422 obstitit
2122 1354 2360 1442 religio

848 1454 1091 1538 capitis
1126 1454 1431 1539 Pompeii
1470 1456 1539 1517 in
1573 1475 1656 1517 eo
1697 1452 1929 1539 fignati
1954 1502 1975 1533 ,
2028 1472 2182 1516 cum
2243 1450 2365 1514 illa

846 1561 1075 1614 aetate
1123 1551 1422 1613 nondum
1460 1549 1738 1613 licuiss'et
1768 1549 2064 1611 hominis
2086 1549 2363 1611 vivica-

846 1657 970 1731 put
1006 1658 1321 1708 monetae
1354 1643 1626 1708 inferre.
1725 1643 1905 1730 Ergo
1928 1643 2363 1734 aSex.l?om·

826 1745 1002 1826 ¹pejo
1058 1742 1129 1802 in
1181 1740 1416 1805 Sicilia
1475 1740 1662 1804 cusus
1750 1740 1956 1825 vulgo
2047 1737 2363 1802 creditur.

849 1836 1034 1928 Quid
1074 1834 1121 1898 fi
1168 1833 1558 1914 statuamus,
1612 1848 1966 1919 utrumque
2011 1834 2365 1898 denarium

844 1930 1170 2017 lignatum
1250 1933 1321 1995 in
1394 1932 1723 2017 Hispania
1751 1977 1771 2008 ‚
1849 1951 1986 2016 quo
2051 1943 2363 2015 tempore

848 2025 1117 2093 Cnaeus
1150 2028 1387 2113 Magni
1418 2024 1496 2090 F.
1532 2027 1787 2090 bellum
1826 2026 2145 2089 adversus
2191 2022 2370 2102 Cae-q

844 2125 1059 2188 sarem
1102 2124 1514 2208 apparavit?
1615 2122 1789 2186 Sane
1828 2124 1895 2184 in
1935 2121 2066 2184 hac
2114 2119 2362 2184 senten-

844 2213 948 2281 'tia
988 2218 1138 2301 typi
1212 2218 1379 2280 nihil
1438 2216 1831 2280 obturbant.·
1955 2219 2365 2302 Proponitur

840 2295 1031 2376 'enim
1067 2312 1332 2402 Cnaeus
1382 2313 1449 2374 in
1480 2312 1875 2398 Hispaniam
1929 2313 2369 2399 appulsuS,'et

841 2401 935 2502 ab
975 2412 1113 2490 ejus
1163 2407 1440 2471 urbibus
1459 2420 1756 2496 propter
1789 2409 2002 2492 patris
2050 2407 2363 2471 memori·

788 2551 795 2560 .
847 2523 960 2567 am
997 2502 1281 2590 benigne
1303 2517 1653 2588 exceptus.
1756 2505 2072 2585 Ejusdem
2111 2523 2365 2566 memo-

2117 574 2277 656 1³0
2303 573 2737 688 ΜΒΕῙΑ.

2444 778 2509 846 le
2526 831 2552 865 ,
2598 782 2884 846 alterum
2915 778 3094 847 hunc
3116 777 3468 847 denarium'
3500 801 3547 847 a
3575 781 3755 852 Sex.
3779 788 3985 856 Pom.

2446 880 2603 962 pejo
2648 878 2907 955 cusum,
2959 898 3118 942 nam
3155 879 3269 943 hic
3303 881 3371 943 in
3431 882 3636 944 certis
3674 881 3830 951 suis
3872 910 3982 952 nu.

2448 975 2576 1036 mis
2616 975 2730 1037 sua
2752 976 3008 1060 semper
3039 977 3319 1039 nomina
3357 976 3566 1061 capiti
3605 984 3850 1062 patris
3868 987 3984 1048 ad.

2447 1067 2736 1156 scripsit,
2790 1087 2966 1154 quae
3003 1071 3116 1135 lex
3151 1074 3221 1134 in
3255 1072 3386 1134 hoc
3425 1072 3848 1143 M.Minatii
3866 1080 3978 1144 Sa·

2448 1162 2591 1254 bini
2641 1168 2920 1230 denario
3005 1166 3363 1230 observata
3409 1188 3548 1231 non
3588 1167 3710 1232 est.
3858 1180 3983 1240 Au.

2450 1274 2598 1325 ctor
2632 1261 2792 1325 belli
2824 1260 3269 1346 Hispaniensis
3321 1264 3630 1326 meminit
3703 1268 3798 1335 L.
3863 1275 3982 1338 Mi.

2451 1359 2617 1421 natii
2645 1405 2666 1436 ,
2718 1357 2930 1443 quiin
2974 1358 3301 1443 Hispania
3350 1359 3734 1443 desperatis
3794 1365 3979 1435 ducis

2435 1452 2545 1515 ⁴sui
2587 1452 2800 1517 Cnaei
2843 1452 3041 1516 rebus
3100 1455 3192 1516 ad
3265 1452 3623 1518 Caesarem
3680 1461 3980 1529 deficere
4071 1469 4074 1534 ὲ

2453 1551 2765 1634 parabat.
2819 1546 2883 1632 ¹¹)
2981 1550 3339 1612 Praeclare
3401 1548 3568 1613 istud
3633 1559 3979 1640 conjeciu-
4071 1609 4072 1640 3

2450 1664 2597 1706 ram
2638 1664 2861 1708 meam
2898 1648 3188 1725 juvaret,
3241 1645 3352 1707 sed
3384 1646 3728 1712 Minatius
3770 1656 3848 1719 in
3877 1676 3977 1720 nu.

2453 1759 2566 1804 mo
2606 1739 2849 1802 dicitur
2887 1740 3202 1816 Marcus,
3258 1759 3394 1804 non
3426 1740 3708 1812 Lucius.

3205 1929 3239 1964 Q

3025 1980 3057 2013 C
3383 1982 3415 2015 C

2459 2191 2464 2194 v
2549 2120 2841 2184 Numum
2891 2121 2963 2183 Γ.
3011 2122 3491 2190 noMnffloC.
3534 2146 3698 2190 cum
3755 2137 3977 2219 capite

2451 2215 2758 2301 Pompeii
2803 2217 2901 2278 M.
2952 2217 3110 2281 vide
3142 2219 3213 2282 in
3251 2222 3473 2284 numis
3512 2224 3980 2316 Pompeiopo-

2451 2313 2725 2376 litarum
2768 2309 3066 2376 Ciliciae.

3183 2505 3217 2538 ss

3008 2556 3039 2588 0·
3361 2558 3392 2590 ff

844 2600 991 2664 riae
1016 2646 1037 2677 ,
1064 2611 1158 2663 ·et
1198 2600 1267 2664 in
1311 2598 1453 2662 filio
1502 2600 1779 2684 pietatis
1807 2597 2011 2663 causa
2051 2598 2368 2663 insertum
2483 2609 2492 2618 '

838 2691 1055 2761 'numo
1092 2695 1400 2780 Pompeji
1454 2696 1702 2759 mortui
1741 2708 1969 2780 caput.
2070 2695 2224 2758 Non
2250 2695 2368 2760 ob-

848 2789 969 2855 stat
1004 2786 1373 2877 epigraphe
1431 2788 1585 2855 CN:
1646 2788 2050 2856 MAGNVS.
2130 2790 2367 2869 IMR,

847 2907 1023 2972 quae
1080 2886 1169 2949 ad
1220 2885 1435 2950 filium
1504 2884 1804 2950 Cnaeum
1874 2906 2087 2970 aeque
2157 2882 2372 2971 potest

846 2972 1226 3066 pertinere3
1280 3001 1435 3042 nam
1489 3000 1733 3042 nomen
1793 2983 2031 3064 Magni
2085 2982 2367 3064 perinde

724 3116 741 3125 -
830 3072 930 3139 ‘ac
967 3073 1207 3136 Sextus
1242 3074 1482 3138 habuit
1513 3075 2067 3152 haereditarium,
2113 3077 2369 3139 dictum

850 3179 1077 3232 autem
1117 3165 1304 3231 fuill'e
1353 3169 1875 3255 imperatorem,
1927 3167 2041 3232 etfi
2098 3168 2265 3232 istud
2326 3191 2369 3235 a

849 3265 1116 3327 nemine
1153 3277 1455 3353 veterum
1528 3266 1875 3353 proditum
1928 3265 2191 3343 norim,
2268 3266 2368 3329 t‘a.

827 3349 1007 3422 'men
1042 3379 1328 3449 pronum
1356 3359 1443 3424 est
1487 3362 1761 3425 credere
1783 3407 1803 3437 ,
1858 3360 2041 3444 quod
2073 3362 2171 3423 rei
2199 3361 2369 3425 sum·
2401 3376 2414 3382 ·

862 3475 987 3531 ma
1019 3458 1087 3520 in
1112 3470 1210 3519 'eo
1248 3454 1430 3520 bello
1468 3458 1557 3521 ad
1596 3454 1898 3520 Cnaeum
1930 3456 2161 3519 delata
2196 3458 2254 3520 is
2293 3463 2368 3525 ti-

826 3549 1035 3615 'tulus
1086 3555 1566 3617 auctoritatem
1621 3553 1690 3613 in
1737 3549 1963 3615 castris
2054 3551 2368 3635 addidit,

852 3667 936 3711 ac
962 3645 1096 3735 ‘vel
1132 3648 1290 3731 ideo
1341 3647 1757 3711 ambitiosius
1838 3644 1925 3709 est
1996 3648 2367 3735 quaesitus,

848 3759 1068 3827 neque
1111 3742 1322 3805 multo
1356 3743 1595 3808 labore
1637 3754 1892 3827 partus.
1992 3743 2104 3805 Sic
2149 3757 2213 3807 et
2261 3748 2362 3813 M.

828 3838 1173 3917 'Bi-utum,
1227 3857 1380 3900 cum
1418 3828 1689 3902 bellum‘
1728 3837 2046 3901 adversus
2087 3840 2363 3906 Octavi-

827 3920 1052 3996 'anum
1085 3945 1404 4016 pararet,
1456 3932 1632 3997 hunc
1684 3931 1802 3995 fibi
1833 3934 2165 3996 honorem
2211 3952 2363 4020 pro-

824 4028 1087 4091 'mereri
1141 4016 1439 4119 studuisse
1470 4077 1490 4107 ,
1577 4042 1651 4099 ut
1710 4033 1969 4110 majore
2038 4030 2364 4115 dignitate

822 4123 1043 4186 ‘rebus
1084 4123 1410 4208 praeeffet
1440 4173 1460 4204 ,
1513 4126 1581 4189 in
1625 4128 1761 4205 ejus
1821 4124 2037 4186 numis
2084 4126 2364 4189 dicetur.

822 4214 1147 4284 'Adverto
1189 4218 1441 4300 etiam,
1500 4214 1730 4311 minus
1767 4218 1984 4282 videri
2040 4220 2366 4286 verisimi-

2555 2696 2709 2761 Sex.
2750 2695 3059 2781 Pompeji
3100 2716 3340 2761 numos
3393 2717 3613 2765 nexus
3655 2699 3988 2775 'historici

2459 2793 2657 2858 causa
2697 2776 2765 2854 ln
2828 2805 3170 2857 monetam
3226 2796 3741 2879 imperatorum
3809 2806 3989 2870 diffe.

2457 2909 2558 2954 ΥΟ.

3197 2982 3228 3015 Β

3018 3034 3049 3066 0·
3373 3038 3403 3071 Q

2456 3077 2891 3236 Ruggnarios
2937 3174 3020 3257 Q.
3079 3176 3384 3275 Pompeji
3426 3178 3588 3242 Rufi
3637 3183 3828 3251 vide
3905 3210 4000 3254 re-

2461 3270 2708 3371 citatos
2749 3274 2816 3334 in
2843 3272 3059 3334 numis
3096 3270 3393 3335 Cornelii
3425 3273 3696 3343 Sullae.

3207 3463 3238 3496 ί

3025 3513 3056 3545 ἢ
3381 3515 3412 3547 ἢ

2457 3652 2738 3747 Pompeji
2784 3654 3020 3743 incerti.
3465 3712 3470 3717 .

2553 3740 2826 3810 POMP.
2892 3782 2992 3794 ——-
3090 3748 3169 3813 L.
3251 3746 3532 3814 POMP.
3609 3789 3722 3810 —
3819 3765 4009 3830 SEX.

2457 3838 2679 3903 ΡΟΜ.
2731 3875 2826 3891 -
2875 3843 2955 3910 P.
2979 3844 3199 3910 POM.
3249 3880 3345 3892 -
3392 3846 3478 3909 Τ.
3533 3847 4008 3931 POM.SEX.

2456 3934 2532 3995 F.
2585 3937 2652 3997 in
2709 3940 2937 4002 aeneis
2975 3959 3127 4004 cum
3169 3941 3519 4004 unciarum
3591 3942 3851 4035 notis,
3921 3962 4012 4022 in.

2459 4042 2715 4097 certum
2746 4040 3034 4120 tamen,
3097 4056 3185 4099 an
3248 4054 3386 4100 non
3439 4035 3716 4111 horum
3797 4054 4012 4138 aliqui

2456 4125 2577 4188 sint
2622 4130 3326 4217 gentis·Pomponiae.'

915 4555 4016 4600 Q

866 4695 875 4711 1
938 4624 993 4683 a)
1029 4622 1167 4693 Cap.
1210 4616 1288 4689 '²9-
