4175 5450
592 576 793 699 {⁸4
1740 575 2784 719 PRQLEGOMENA

690 808 840 872 dice
904 803 1063 867 hnic
1100 799 1432 865 volumini
1492 796 1812 881 subjecto.
1912 796 2063 859 Huc
2112 806 2214 858 ta-
2296 789 2492 855 liebri
2524 789 2798 877 galeato
2843 786 3076 875 alato,
3124 788 3210 854 de
3265 806 3406 874 quo
3447 784 3618 853 mihi
3657 803 3816 854 enn-

622 926 633 941 ·
692 920 848 966 men
887 896 1105 966 distuli
1144 895 1672 964 coutroverfiam
1702 893 2034 979 decapite
2068 911 2212 958 mu·
2293 889 2486 953 tinuo
2523 886 2764 952 sermo.

1745 1332 2862 1495 <3Al²‘v‘1·,X.·¹

1618 1842 1739 1949 ,De
1784 1844 1993 1928 capite
2028 1837 2320 1911 mabri
2357 1839 2617 1928 galeato
2666 1840 2862 1910 elato.

700 2108 881 2209 Inde
920 2160 967 2205 a
1010 2135 1350 2226 principio
1408 2128 1645 2217 lignati
1736 2133 1998 2219 argenti
2067 2151 2222 2218 par·
2306 2130 2646 2221 effigiem,
2696 2129 2930 2214 qualia
2958 2129 3105 2197 sunt
3151 2133 3448 2219 plurima
3475 2182 3495 2214 ,
3565 2137 3832 2221 praeci·
3899 2210 3906 2221 ⁸

697 2251 838 2305 tem
878 2239 1018 2319 ejus
1060 2229 1413 2301 adversam
1441 2229 1815 2313 occupavit
1847 2243 2054 2317 caput
2078 2249 2222 2293 mu·
2303 2248 2437 2314 pue
2484 2230 2553 2293 in
2608 2228 2869 2305 numis,
2939 2231 3080 2310 ejus
3152 2231 3325 2296 deae
3379 2233 3581 2318 galea
3635 2234 3833 2299 alata

698 2333 912 2399 liebre
951 2333 1296 2417 galeatum
1337 2323 1637 2403 alatum,
1686 2325 1895 2407 idque
1954 2345 2094 2390 non
2151 2325 2223 2387 in
2303 2323 2416 2389 est.
2516 2323 2637 2387 111.
2693 2323 2771 2387 In
2805 2326 3078 2406 numia,
3150 2344 3322 2409 qnos
3413 2327 3834 2394 Samniticoa

702 2429 1001 2497 denariis
1055 2425 1310 2500 modo,
1371 2420 1486 2485 sed
1555 2431 1624 2484 et
1686 2421 2015 2506 quinariis
2039 2468 2061 2501 ,
2152 2431 2222 2484 et
2303 2417 2688 2504 statuimus,
2741 2430 2811 2483 et
2847 2417 3138 2505 lignatos
3185 2434 3498 2510 tempore
3533 2424 3703 2490 belli
3739 2426 3834 2489 so·

699 2522 1046 2607 sestertiis,
1095 2518 1452 2607 paullatim
1486 2517 1695 2582 etiam
1738 2515 2032 2581 aliorum
2057 2517 2222 2581 deo·
2301 2516 2537 2595 ciali5‚
2590 2514 2798 2580 [imile
2844 2515 3136 2581 habetur
3179 2532 3411 2604 caput.
3511 2523 3624 2586 An
3665 2538 3834 2588 vero

702 2640 853 2687 rum
887 2619 1217 2705 imagines
1273 2611 1641 2698 admistae,
1730 2612 2025 2696 denique
2075 2609 2222 2699 post
2292 2614 2502 2695 jurati
2544 2612 2812 2675 Romae
2860 2609 3080 2676 hostes
3132 2617 3402 2701 genium
3460 2617 3650 2683 urbis
3715 2618 3840 2682 ini·

704 2717 951 2784 saeculi
988 2714 1078 2782 ab
1118 2711 1281 2782 urbe
1315 2709 1593 2776 condita
1645 2709 1799 2790 vn.
1862 2710 2224 2776 dimidium
2303 2708 2523 2774 micae
2540 2707 2657 2772 sua
2676 2709 2745 2773 in
2765 2720 3045 2774 moneta
3063 2709 3497 2798 signaverint?
3520 2718 3717 2782 Haec
3736 2734 3840 2780 ar·

704 2814 975 2901 penitus
1006 2810 1385 2895 neglectum
1429 2801 1541 2868 est.
1640 2807 1788 2869 Effe
1839 2819 2049 2891 caput
2110 2808 2226 2870 de·
2310 2795 2633 2891 gi'unenta
2678 2804 2837 2868 satis
2871 2807 3028 2891 'pe'r
3073 2807 3138 2871 se
3180 2808 3413 2876 valent
3463 2813 3555 2875 ad
3618 2814 3841 2899 asper·

708 2929 792 2978 ae
851 2911 1120 2974 Romae
1153 2902 1354 2990 primi
1406 2900 1575 2975 artis
1634 2897 1895 2968 nostrae
1932 2900 2244 2989 magistri·
2311 2899 2609 2963 nandam
2646 2912 2947 2963 veterem
2992 2902 3408 2972 sententiam.
3509 2904 3847 2994 Superest,

711 3002 1089 3069 constanter
1166 2998 1515 3064 credidere
1555 3047 1576 3080 ‚
1640 3009 2043 3083 tantumque
2104 3018 2227 3063 va·
2314 3006 2423 3079 ut,
2477 2998 2912 3081 cujus„caput
2963 2998 3134 3063 illud
3181 2999 3257 3065 fit
3299 3003 3471 3067 deae
3524 3002 3794 3091 effigies
3821 3050 3843 3082 ‚

718 3101 846 3166 luit
881 3117 1019 3162 una
1072 3094 1479 3160 auctoritate
1550 3094 1717 3157 nixa
1782 3095 2019 3179 opinio
2042 3142 2063 3173 ‚
2155 3106 2233 3157 ut
2320 3090 2507 3174 quod
2543 3089 2775 3156 facere
2807 3093 3110 3180 neglexit
3136 3099 3532 3183 praeclarus
3583 3097 3844 3165 Olivie·

721 3196 1090 3260 multorum
1129 3211 1285 3257 eam
1325 3209 1659 3253 annorum
1695 3189 2060 3255 intervallo
2122 3210 2241 3254 ne-
2318 3188 2500 3272 rina,
2549 3188 3012 3255 constituatur.

722 3312 837 3356 mo
875 3293 944 3354 in
987 3287 1265 3352 dubium
1298 3299 1625 3364 vocaret,
1677 3297 1744 3349 et
1776 3288 1842 3351 in
1877 3287 1996 3350 sua
2030 3284 2239 3372 fingu-
2419 3284 2553 3368 Ajo
2578 3331 2602 3364 ‚
2651 3285 2779 3349 ess'e
2810 3286 3192 3352 Palladem.
3290 3291 3487 3356 Hane
3539 3311 3681 3378 quo
3726 3283 3848 3358 mi·

717 3388 770 3451 li
806 3389 1053 3464 Roma,
1102 3383 1291 3451 velut
1327 3381 1654 3470 religione
1687 3380 2030 3463 obstricti,
2082 3403 2239 3447 con·
2321 3400 2446 3446 nus
2495 3381 2928 3469 agnoscerent
2983 3385 3351 3468 antiquarii
3386 3434 3408 3464 ,
3469 3389 3849 3469 vetabant,

720 3483 1007 3548 fidenter
1039 3480 1556 3566 acquiescerent.
1695 3480 1962 3544 Primus
2018 3478 2239 3545 abbas
2324 3479 2571 3555 credo,
2621 3475 2980 3543 adstitutae
3022 3479 3201 3545 alae.
3304 3486 3397 3547 At
3453 3504 3593 3549 non
3652 3484 3846 3550 refle-

710 3580 1095 3647 Olivierius
1144 3575 1338 3642 ausus
1382 3573 1470 3640 est
1508 3577 1963 3640 inveteratum
1996 3576 2238 3660 judici·
2317 3594 2481 3639 xere
2520 3576 2862 3651 animum,
2916 3586 3034 3640 aut
3068 3576 3335 3641 idoneis
3389 3584 3852 3663 monumentis

725 3698 842 3743 um
877 3677 1317 3762 impugnare,
1380 3671 1752 3764 praeclaris
1800 3671 1950 3737 usus
2015 3673 2109 3736 ad
2163 3671 2237 3734 fi·
2321 3668 2614 3734 destituti
2675 3669 3049 3752 nescivere,
3119 3673 3390 3737 Palladi
3457 3674 3853 3760 frequenter

720 3774 883 3839 dem
919 3769 1317 3842 faciendam
1362 3772 1799 3855 argumentis.
1852 3766 1921 3851 ⁸)
2019 3768 2073 3834 1.
2127 3768 2244 3832 Ni·
2326 3766 2602 3832 additas
2654 3763 2848 3829 fuiss'e
2916 3767 3065 3832 alas
3094 3815 3118 3848 ,
3207 3789 3460 3853 easque
3531 3773 3635 3835 illi
3707 3776 3859 3856 jure

728 3869 868 3946 hil,
921 3870 1061 3954 ait,
1115 3865 1410 3954 probare
1448 3865 1789 3948 adjectam
1822 3866 2023 3951 saepe
2061 3865 2245 3950 capi·
2326 3872 2752 3944 competere:
2859 3864 3069 3928 Mitto
3136 3864 3415 3952 insignes
3501 3889 3855 3953 gemmas,

731 3969 790 4033 ti
832 3985 1077 4031 vocem
1105 3964 1416 4041 ROMA,
1466 3981 1627 4027 nam
1667 3962 1856 4028 illam
1892 3962 2083 4047 jungi
2128 3961 2246 4023 eti·
2327 3975 2503 4040 quae
2572 3958 2929 4023 Minervae
3012 3960 3251 4046 galeae
3306 3961 3456 4026 alas
3545 3966 3857 4044 addunt,

734 4084 850 4130 am
887 4061 1099 4148 capiti
1136 4059 1483 4146 Apollinis
1520 4058 1592 4124 in
1621 4055 1950 4137 Caecilia,
1999 4055 2249 4140 Fabia,
2331 4052 2518 4138 apud
2553 4045 2924 4139 Begerum‚
2975 4044 3033 4134 b)
3088 4070 3155 4120 et
3186 4061 3576 4137 Zanettum‚
3627 4066 3682 4139 ο)
3739 4059 3857 4125 eta

734 4153 1127 4237 Postumia,
1174 4155 1482 4222 Herculis
1512 4155 1585 4219 in
1611 4153 1969 4232 Cornelia,
2022 4152 2250 4216 Satur·
2333 4150 2485 4228 hic,
2537 4171 2675 4236 quo
2707 4150 2906 4239 saepe
2939 4152 3282 4236 hodieque
3332 4158 3605 4241 peccari
3661 4158 3862 4221 vide·

732 4260 816 4324 ni
860 4257 935 4320 in
968 4255 1303 4320 Memmia
1338 4265 1464 4318 etc.
1564 4252 1651 4316 ΙΙ.
1693 4251 1769 4316 In
1801 4250 1987 4316 nullo
2022 4260 2252 4312 vetere
2335 4266 2531 4333 mue,
2578 4248 3044 4313 Alexandrum
3079 4251 3176 4316 M.
3218 4272 3343 4337 pro
3406 4252 3691 4316 Pallade
3761 4254 3860 4316 di-

741 4364 1224 4430 monumento‚
1275 4351 1459 4435 quod
1517 4359 1776 4413 certam
1834 4348 1957 4410 dat
1991 4346 2256 4409 Romae
2338 4345 2461 4408 xit.
2560 4345 2769 4409 Mitto
2802 4347 3008 4409 etiam
3057 4366 3211 4410 eam
3268 4347 3354 4411 fic
3430 4347 3864 4434 propofitam

821 4661 879 4730 a)
914 4661 1072 4732 Saggi
1108 4657 1165 4714 di
1203 4656 1348 4712 Cort.
1386 4656 1553 4709 Tom.
1587 4654 1689 4708 lv.
1725 4671 1787 4726 p.
1830 4667 1950 4723 133·
2122 4649 2192 4717 b)
2218 4648 2387 4713 Thes.
2420 4650 2627 4706 Brand.
2668 4652 2742 4713 T.
2776 4650 2825 4706 1.
2860 4669 2922 4726 p.
2957 4664 3042 4722 49.
3232 4652 3291 4718 ο)
3315 4651 3539 4722 Dactyl.
3572 4668 3731 4706 num.
3772 4667 3830 4715 ς,
