4175 5450
1189 608 1553 704 'NVMI

216 812 226 823 ’
290 841 466 907 ‚non
512 834 847 910 perpetua
892 820 1032 888 ,fuit
1099 823 1273 891 haec
1334 825 1486 910 lex,
1569 825 1654 889 de
1707 844 1845 909 qua

322 918 621 984 infracta
656 921 831 985 haec
866 922 1070 986 docet
1112 924 1405 989 Plinius:
1456 928 1514 1003 ²)
1563 922 1847 1008 Populus

318 1016 649 1083 Romanus
683 1038 759 1082 ne
794 1028 1059 1104 argento
1122 1021 1366 1106 quidem
1392 1021 1649 1110 signato
1702 1028 1845 1084 ante

318 1114 645 1197 Pyrrhum
680 1136 886 1201 regem
918 1119 1215 1182 devictum
1245 1118 1388 1206 usus
1418 1118 1513 1204 ιβ.
1610 1114 1840 1182 Libra-

321 1209 460 1289 les‚
509 1210 670 1276 unde
702 1215 891 1278 etiam
917 1233 1077 1279 nunc
1108 1212 1301 1281 libella
1324 1215 1593 1293 dicitur
1645 1223 1706 1278 et
1729 1211 1841 1278 du-

309 1307 627 1419 pontius,
676 1309 1183 1395 appendebantur
1219 1309 1387 1402 affls.
1492 1311 1709 1398 Quare
1737 1328 1843 1373 ae-

319 1405 422 1466 ris
463 1408 696 1488 gravis
714 1428 919 1493 poena
952 1407 1121 1475 dicta
1173 1449 1206 1464 -
1350 1448 1385 1463 -
1432 1406 1699 1472 Servius
1723 1425 1844 1471 rex

246 1528 263 1547 ν
311 1518 564 1583 primus
570 1502 857 1589 signavit
893 1523 1022 1569 aes.
1121 1504 1338 1571 Antea
1380 1504 1531 1570 rudi
1565 1505 1703 1591 ustas
1715 1502 1843 1568 Ro-

321 1615 461 1660 mae
513 1598 806 1664 Timaeus
844 1600 1067 1667 tradit.
1164 1601 1508 1686 Signatum
1559 1602 1634 1688 est
1687 1592 1843 1664 uota

314 1691 618 1775 pecudum
639 1740 660 1772 ,
710 1696 875 1762 unde
906 1706 967 1762 et
992 1701 1254 1782 pecunia
1276 1696 1605 1782 appeuata.
1655 1732 1691 1752 -
1745 1734 1776 1750 ·-
1804 1729 1842 1748 -

321 1787 690 1871 Argentum
792 1794 1116 1881 signatum
1203 1794 1280 1886 ιβ
1394 1813 1558 1859 auno
1658 1789 1843 1856 urbis

324 1882 877 1954 CCCCLXXXV.
936 1890 1015 1977 Q.
1049 1888 1252 1956 Fabio
1300 1889 1540 1976 consule
1560 1931 1583 1966 ‚
1649 1889 1839 1972 quin-

322 1998 439 2066 que
471 1984 658 2047 annis
702 1978 877 2050 aute*
892 1989 1167 2070 primuni
1234 1984 1444 2052 bessum
1509 1986 1840 2051 Punicum.

320 2077 414 2141 Et
447 2075 689 2161 placuit
726 2079 1051 2148 denarium
1083 2105 1212 2168 pro
1237 2082 1434 2148 decem
1482 2078 1665 2151 tibris
1739 2099 1838 2145 ae-

320 2176 458 2249 ris,
508 2177 865 2259 quinarium
876 2202 1002 2265 pro
1037 2182 1331 2266 quinque,
1361 2178 1701 2266 sestertium
1715 2198 1840 2262 pro

325 2269 638 2380 daippndio
669 2282 728 2336 et
738 2273 988 2364 senuffe
1087 2276 1342 2341 Librale
1355 2284 1568 2339 autem
1594 2273 1842 2358 pondus

326 2360 497 2429 aeris
545 2366 933 2434 imminutum
958 2368 1105 2435 hello
1144 2373 1380 2436 Punico
1405 2373 1654 2455 primo,
1703 2388 1840 2433 cum

324 2460 607 2545 impensus
640 2482 805 2547 resp.
828 2484 968 2530 uon
998 2465 1336 2554 ficfficeret,
1426 2466 1843 2551 constitutum-

316 2574 477 2642 que,-
523 2567 598 2621 ut
653 2557 804 2648 affes
831 2561 1237 2646 sextantario
1268 2558 1542 2647 pondere
1564 2559 1842 2644 feriren-

324 2661 457 2717 tur.
603 2654 718 2720 Ita
792 2658 1061 2745 quinque
1114 2667 1340 2743 partes
1384 2657 1604 2744 factae
1649 2653 1807 2718 lucri
1818 2700 1841 2734 ,

321 2747 783 2839 diffblutumque
806 2774 914 2820 aes
952 2754 1236 2820 alienum.
1336 2756 1518 2821 Nota
1542 2754 1709 2818 aeris
1725 2752 1846 2838 su-

326 2848 385 2910 it
415 2865 499 2910 ex
533 2846 739 2914 altera
773 2862 963 2936 parte
1002 2854 1208 2917 Ianus
1224 2853 1524 2935 geminus
1540 2897 1559 2927 ,
1604 2867 1686 2912 ex
1750 2847 1843 2913 al·

331 2951 472 3016 tera
512 2946 781 3030 rostrum
838 2950 1062 3032 navis,
1138 2951 1208 3012 in
1285 2949 1511 3011 triente
1580 2964 1730 3009 vero
1785 2952 1847 3008 et

326 3037 686 3125 quadrante
710 3052 905 3110 rates.
1012 3043 1361 3132 quadrans
1395 3052 1542 3108 aute
1581 3043 1844 3106 terunci-

327 3154 407 3204 us
446 3145 712 3202 vocatus
754 3159 798 3205 a
834 3139 1045 3206 tribus
1069 3143 1293 3206 unciis.
1393 3140 1613 3232 Postea
1665 3138 1846 3202 Han·

324 3232 532 3296 nibaie
561 3243 862 3318 urgente,
918 3237 998 3324 Q.
1034 3236 1236 3304 Fabio
1300 3236 1597 3302 Maximo
1652 3234 1848 3299 dicta-

327 3337 467 3392 tore
483 3375 503 3406 ‚
556 3327 702 3420 aſjes
733 3334 1004 3398 unciales
1016 3333 1188 3420 facti
1200 3382 1222 3416 ,
1274 3331 1624 3418 placuitque
1654 3331 1843 3396 dena-

250 3471 261 3480 .
327 3425 497 3489 rium
508 3479 511 3484 .
512 3425 773 3511 sedecim
804 3429 1023 3520 affibus
1046 3431 1438 3518 permutari,
1489 3430 1849 3514 quinarium

330 3524 617 3599 octoniS,
648 3524 718 3610 s
699 3526 988 3610 stertium
1055 3527 1400 3615 quaternis.
1511 3524 1559 3587 I
1556 3532 1626 3588 ta
1677 3544 1844 3608 resp.

333 3615 656 3682 dimidium
694 3621 941 3688 lucrata
973 3626 1075 3726 ιβ.
1174 3623 1223 3686 I
1217 3640 1260 3684 u
1318 3617 1583 3683 militari
1642 3629 1849 3685 tamen

312 3712 620 3802 stipendio
633 3716 879 3804 semper
920 3697 1216 3785 debat-ius
1236 3733 1361 3801 pro
1397 3714 1593 3779 decem
1635 3717 1733 3806 aff
1712 3714 1852 3780 bus

331 3808 548 3876 datus.
644 3814 831 3879 Nota
861 3819 1115 3901 argenti
1155 3815 1348 3899 fuere
1401 3810 1589 3896 bigae
1664 3821 1851 3898 atque

329 3905 684 3996 quadrigae
699 3956 721 3988 ,
773 3918 833 3974 et
862 3912 1003 3979 inde
1037 3912 1245 4000 bigati
1263 3957 1286 3987 ,
1361 3907 1852 3996 quadrigatique

333 4003 505 4068 dicti.
616 4007 786 4072 Mox
825 4009 956 4095 lege
1018 4009 1378 4097 Papio-iana
1446 4005 1852 4094 semumiales

334 4097 694 4191 affe-eface-

432 4196 701 4265 Locum
724 4200 928 4266 Plinii
957 4213 1177 4265 totum
1210 4204 1496 4294 recitavi
1534 4211 1881 4287 propter·‘

345 4313 452 4373 ea,
508 4299 833 4383 quoniam
859 4298 968 4362 hic
1005 4298 1181 4365 basis
1213 4298 1303 4363 est
1335 4319 1418 4364 ac
1450 4298 1851 4363 fundamen·

336 4403 507 4471 tum,
557 4413 695 4476 quo
731 4396 954 4457 omnis
1005 4396 1322 4460 doctrina
1359 4397 1445 4460 de
1479 4395 1641 4460 assis
1680 4398 1848 4479 ejus-

1650 615 2619 701 ·couvaARES.
2679 630 2690 645 ·
2883 556 2888 563 ’
3413 652 3508 717 ⁷·

1930 847 2134 915 quem
2177 827 2268 892 ab
2319 825 2680 903 omnibus,
2734 821 2849 908 qui
2882 820 3059 888 hanc
3103 834 3455 891 monetam

1923 925 2182 1007 judicio
2243 936 2603 1001 exercent,
2694 934 3130 1007 provocatur.
3275 919 3452 985 Cum

1925 1021 2151 1084 Plinio
2191 1024 2514 1106 conjunge
2545 1017 2977 1097 Vitruvium,
3028 1006 3093 1100 1’)
3144 1019 3451 1082 Maecia

1928 1137 2136 1197 num,
2189 1131 2256 1183 et
2285 1118 2689 1211 Pompejum
2729 1110 3022 1183 Festum
3073 1114 3178 1201 (in
3234 1116 3447 1180 Grave

1929 1234 2084 1292 aes,
2133 1227 2212 1278 et
2237 1215 2717 1283 Sextantart‘us
2727 1206 2758 1293 )

2020 1310 2130 1373 Ex
2157 1312 2264 1377 his
2298 1330 2458 1395 ergo
2493 1310 2695 1373 Plinii
2736 1305 2964 1371 verbis
2997 1306 3229 1371 varius
3272 1324 3447 1372 con-

1927 1405 2153 1470 ficitur
2191 1408 2391 1472 status
2435 1418 2748 1483 monetae
2802 1406 3270 1468 Romanorum
3321 1423 3448 1467 ae-

1926 1520 2098 1568 neae
2154 1504 2390 1569 saltem
2453 1523 2669 1587 usque
2723 1502 2817 1566 ad
2863 1513 3166 1566 aetatem
3226 1502 3442 1589 impe-

1924 1612 2255 1666 ratorum.

2024 1697 2078 1760 1.
2127 1701 2225 1760 As
2264 1695 2527 1761 libralis
2559 1742 2584 1773 ,
2653 1695 2765 1784 feu
2834 1690 2983 1757 XII.
3058 1695 3435 1758 unciarum.

1924 1793 2224 1858 Duravit
2251 1814 2297 1858 a
2349 1794 2490 1858 Ser.
2528 1791 2762 1856 Tullio
2792 1810 3004 1874 usque
3045 1793 3117 1853 in
3171 1804 3439 1875 tempo-

1923 1910 2006 1954 ra
2044 1890 2208 1955 belli
2237 1890 2476 1953 Punici
2507 1890 2602 1973 L,
2683 1888 2870 1971 quod
2915 1888 3152 1973 coepit
3204 1891 3290 1951 V.
3356 1883 3437 1952 C.

1924 1997 2066 2070 490
2113 2007 2200 2050 ex
2252 1998 2577 2070 computu
2633 1983 2875 2070 Pighii.
3019 1983 3360 2047 Denarius
3407 2030 3454 2066 r

1923 2102 2167 2146 numus
2205 2094 2588 2168 argentemi,
2619 2080 3074 2167 quinquennio
3115 2092 3272 2143 ante
3303 2079 3444 2143 hoc

1923 2178 2177 2242 bellum
2208 2175 2399 2242 feriri
2421 2190 2728 2263 coeptus,
2770 2176 3285 2261 permutabatur
3324 2174 3438 2238 de·
3473 2164 3480 2175 ⁸

1920 2276 2025 2338 nis
2067 2273 2324 2341 assibus
2369 2273 2767 2352 libralibu8‚
2845 2274 3024 2338 unde
3071 2285 3140 2336 et
3189 2272 3480 2336 nomen'

1920 2372 2212 2455 accepit.

2019 2467 2108 2531 ΙΙ.
2158 2470 2256 2529 As
2326 2466 2812 2548 sextantariuS,
2884 2463 2992 2527 seu

1924 2580 2103 2627 rum.
2203 2561 2451 2648 Coepit
2497 2561 2608 2623 hic
2647 2558 2847 2624 status
2893 2556 3198 2622 fervente
3254 2558 3441 2622 bello

1922 2657 2183 2721 Punico
2203 2659 2256 2721 I.
2289 2705 2310 2738 ,
2363 2657 2767 2741 duravitque
2833 2674 3044 2740 usque
3097 2656 3167 2717 in
3225 2656 3443 2720 dicta·-

1924 2767 2154 2818 turam
2191 2754 2281 2838 Q.
2320 2753 2522 2818 Fabii
2557 2753 2888 2833 Maximi,
2942 2769 3154 2837 quam
3182 2751 3244 2817 ia
3309 2746 3441 2815 ini·

1926 2851 2028 2915 vit
2060 2855 2143 2915 V.
2179 2849 2258 2915 C.
2294 2871 2460 2936 537.

2024 2948 2147 3012 111.
2187 2950 2283 3011 As
2321 2946 2647 3024 uncialis,
2694 2945 2807 3009 seu
2856 2945 2909 3011 1.
2947 2944 3228 3023 unciae,
3280 2946 3442 3010 inde

1929 3066 1973 3110 a
2011 3043 2101 3127 Q,
2146 3043 2367 3108 Fabio
2407 3044 2741 3108 dictatore
2793 3062 3006 3128 usque
3058 3043 3151 3124 ad
3209 3042 3433 3130 legem

1926 3141 2321 3224 Papiriam,
2370 3142 2701 3206 incertum
2730 3141 3006 3225 quando
3032 3185 3052 3218 ,
3107 3149 3174 3201 et
3218 3159 3261 3203 a
3304 3159 3441 3226 quo

1925 3237 2208 3322 Papirio
2240 3237 2480 3301 latam.
2580 3236 3013 3300 Vocabulum
3059 3256 3253 3319 mox,
3303 3254 3442 3319 quo

1926 3333 2183 3397 Plinius
2229 3334 2440 3397 utitur
2466 3380 2488 3413 ‚
2546 3334 2723 3396 hunc
2759 3329 2995 3397 statum
3029 3351 3168 3396 non
3201 3331 3443 3396 admo·-

1928 3431 2091 3496 dum
2121 3430 2432 3517 porrigit.
2503 3461 2506 3468 ·
2547 3429 2656 3492 Ab
2706 3448 2790 3493 eo
2831 3442 3140 3515 tempore
3210 3425 3447 3494 consti-

1927 3538 2146 3591 tutum
2178 3575 2199 3606 ,
2253 3540 2326 3589 ut
2362 3525 2675 3590 denar-ius
2731 3525 2985 3591 assibus
3054 3525 3235 3592 XVI.
3292 3543 3445 3612 per-

1927 3635 2330 3689 mutaretur.
2651 3701 2658 3708 ,

2027 3720 2148 3783 lv.
2197 3722 2294 3783 As
2325 3709 2780 3800 renunciatis,
2835 3719 2949 3784 'seu
2982 3716 3310 3790 dimidiae
3328 3737 3445 3781 un-

1934 3815 2127 3894 ciae,
2177 3816 2333 3879 inde
2374 3836 2420 3881 a
2458 3816 2645 3880 dicta
2684 3816 2832 3902 lege
2861 3816 3165 3902 Papiria.

2028 3911 2363 3976 Traditae
2397 3913 2558 3976 huic
2600 3933 2644 3976 a
2670 3913 2893 3978 Plinio
2913 3914 3273 3977 doctrinae
3308 3931 3447 3975 non

1931 4028 2159 4098 pauca
2193 4008 2509 4074 videntur
2542 3997 2909 4088 adversari,
2962 4030 3044 4074 ac
3080 4009 3133 4074 1.
3171 4010 3449 4093 quidem

1934 4106 2357 4192 experientia
2385 4107 2570 4192 ipsa;
2613 4126 2780 4170 -nam
2817 4104 3082 4172 exstant
3103 4108 3173 4170 in
3212 4108 3470 4176 varim,

3063 2464 3152 2528 Π.
3211 2465 3450 2528 uncia-

1932 4223 2083 4266 rum
2117 4202 2358 4266 muscis
2395 4204 2559 4267 ass‘es
2605 4203 2840 4283 obvii,
2891 4205 3073 4288 iique
3104 4204 3288 4267 haud
3326 4204 3449 4266 du-

1932 4299 2045 4364 bie
2094 4300 2448 4381 Romani,
2525 4300 2640 4385 qui
2687 4301 2922 4364 uncias
2994 4323 3113 4380 ιι,
3209 4323 3331 4376 ιο,
3405 4311 3447 4371 8

1935 4407 2061 4459 etc.
2098 4397 2535 4483 appendunt,
2585 4398 2749 4460 item
2803 4396 3087 4461 semisses
3145 4396 3450 4483 pondere

340 4506 472 4571 que
510 4491 807 4574 partium
836 4492 1305 4557 deminutione
1347 4493 1607 4570 nititur,
1660 4503 1727 4554 et
1760 4493 1855 4556 ad
1935 4494 2289 4557 unciarum
2347 4514 2391 4577 5
2419 4540 2439 4571 ,
2491 4505 2541 4572 4
2572 4506 2704 4561 etc.
2756 4492 2840 4558 fic
2875 4495 2943 4558 in
3006 4495 3449 4580 proportione

418 4700 474 4763 a)
513 4699 577 4760 1..
618 4697 899 4765 xxm,
933 4698 964 4773 5
1006 4717 1085 4771 ¹3·
1282 4700 1344 4769 b)
1378 4702 1449 4763 1..
1483 4703 1594 4767 111,
1619 4720 1680 4764 c.
1725 4722 1771 4756 ι.
