4175 5450
128 3055 143 3100 -
128 2947 152 3009 >w
128 2851 146 2902 a
128 2758 142 2801 V·
128 2654 141 2699 n

1665 76 2187 198 noser-A.

3339 111 3493 181 293·

373 300 507 369 que
547 273 839 345 Lanuvii
872 290 1070 346 natus
1099 238 1249 349 fuit.
1345 279 1454 346 De
1506 282 1753 347 Roscio
1817 280 1887 343 in
1968 281 2285 347 Rosciam
2334 263 2755 348 Fabatorum
2812 290 3075 371 gentem
3150 277 3479 356 Lanuvio

371 379 614 446 eadem
653 377 819 442 urbe
857 391 1020 442 nato
1049 377 1224 443 haec
1260 377 1545 442 Cicero:
1597 367 1665 460 l’)
1721 372 1892 462 Quid
1937 375 2159 442 ·fuiss'e
2188 379 2569 445 oriundam.
2668 381 2808 443 Dio
2848 381 3111 468 legatos
3171 404 3214 448 a
3269 387 3470 449 Pom·

369 491 654 552 amores,
708 495 782 540 ac
808 477 1058 550 deliciae
1078 484 1224 541 tuae
1258 475 1566 561 Roscius?
1608 480 1889 539 numaut
1964 478 2122 557 pejo
2165 477 2255 538 ad
2294 473 2651 539 Caesarem
2718 477 2940 541 miss'os
3026 479 3335 565 perhibet
3392 485 3470 549 L.

366 571 494 657 *Μ’
513 618 532 648 ²
586 579 702 636 aut
724 594 851 657 pro
900 591 967 635 eo
1007 572 1359 648 Lanuvium
1393 581 1592 637 totum
1633 570 1886 635 mentie-

370 666 618 733 batur?
664 671 772 753 qui
805 688 940 733 cum
975 665 1107 757 qffet
1137 671 1206 736 in
1239 668 1558 733 cunabulis
1585 714 1606 746 ,
1657 666 1881 731 educa-

1969 567 2365 650 Caesarem‚
2418 584 2486 634 et
2539 571 2618 639 L.
2651 572 3004 653 Roscium,
3054 574 3115 657 ⁰)
3167 589 3239 640 at
3281 576 3470 645 Cice·

1963 683 2043 728 ro
2079 665 2162 730 L.
2205 665 2600 744 Caesarem,
2654 681 2723 731 et
2781 659 3166 751 Fabatum,
3220 665 3282 758 ³)
3349 674 3468 740 ha·

367 772 665 849 retur-que
700 766 768 828 in
806 762 1064 830 Solonio
1084 813 1103 843 ‚
1155 768 1266 852 qui
1304 766 1380 853 est
1412 783 1667 849 campus
1728 761 1884 844 agri
1965 759 2202 828 bemus
2242 783 2402 848 ergo
2439 761 2820 849 legatorum
2867 765 3153 831 alterum
3207 769 3282 833 L.
3333 772 3468 837 Ro·

367 859 687 939 Lanuvini
706 906 726 938 ,
773 870 959 926 noctu
994 859 1217 927 tramine
1275 862 1550 950 adposito
1589 875 1882 945 experre-

1959 856 2166 921 scium
2216 857 2591 943 Fabatum,
2669 859 2849 924 forte
2931 858 3145 925 filium
3206 869 3343 948 ejus
3364 868 3467 933 J..

365 966 476 1026 eta
500 960 731 1022 viatrix
759 957 1205 1023 animadvertit
1241 979 1507 1044 puerum
1541 955 1885 1022 dormien-
1959 955 2187 1019 Roscii
2220 954 2471 1022 Fabati
2496 1006 2525 1041 ‚
2572 976 2619 1020 a
2664 975 2801 1042 quo
2836 957 3217 1044 praesentes
3262 965 3465 1028 dena·

366 1063 491 1118 tem
568 1055 1088 1139 circumplicatum
1156 1055 1468 1144 serpentis
1561 1049 1879 1138 amplexu.

372 1149 515 1236 Quo
562 1151 804 1237 aspectu
858 1154 1170 1217 exterrita
1244 1153 1569 1220 clamorem
1610 1147 1876 1238 stfiulit.

162 1303 166 1309 .
359 1247 567 1313 Pater
590 1255 796 1313 autem
840 1246 1043 1333 Roscii
1079 1249 1166 1313 ad
1213 1247 1558 1338 haruspices
1623 1246 1840 1311 retulit
1854 1292 1878 1325 ,

237 1409 246 1413 ,
359 1346 472 1431 qui
503 1342 945 1431 responderunt
956 1391 977 1424 ‚
1025 1343 1184 1409 nihi!
1224 1337 1321 1411 mo
1360 1367 1558 1432 puero
1599 1344 1830 1411 clarius
1853 1389 1875 1421 .

356 1437 523 1505 nihil
545 1437 815 1506 nobilius
834 1439 1012 1528 fore.
1123 1436 1339 1506 Video
1381 1444 1684 1506 eruditos
1726 1460 1870 1503 om-

355 1547 525 1615 nes,⁴
578 1539 795 1620 'quiin
851 1537 980 1600 hos
1033 1538 1258 1604 Roscii
1301 1537 1578 1603 -Fabati
1629 1556 1872 1604 numos

354 1631 508 1699 sunt
546 1635 1008 1713 commentati,
1059 1634 1233 1699 haec
1270 1633 1620 1701 Ciceronis
1655 1635 1873 1701 verba

355 1728 456 1796 ad
492 1741 757 1813 gentem
790 1728 1080 1794 nostram
1124 1732 1438 1797 Rosciam
1480 1732 1871 1796 muneribus

354 1822 657 1912 publicis
685 1827 756 1888 in
787 1825 953 1888 urbe
992 1826 1424 1912 conspicuam
1451 1826 1733 1905 referre,
1771 1839 1872 1891 at-

352 1939 495 2006 que
530 1920 730 1985 exiis
761 1920 1102 2006 probare,
1153 1922 1435 1987 Roscios
1499 1921 1691 1987 fuiss'e
1740 1923 1871 1986 La·

347 2016 571 2081 nuvio
606 2017 956 2100 oriundos,
1009 2031 1077 2082 et
1103 2017 1261 2082 satis
1297 2020 1529 2081 mirari
1566 2038 1699 2082 non
1726 2019 1872 2107 pos·

343 2114 500 2178 sum
525 2160 545 2191 ,
600 2131 737 2196 qua
776 2116 1045 2178 ratione
1074 2117 1374 2201 potnerit
1406 2115 1711 2179 adserere
1747 2119 1874 2181 Vr·

343 2210 566 2285 finus,
620 2220 1068 2274 memoratum
1105 2208 1272 2273 istud
1302 2210 1679 2297 serpentum
1710 2233 1868 2299 pro-

342 2306 611 2391 digium
646 2305 717 2368 in
764 2302 1013 2370 Roscio
1081 2305 1403 2385 Fabam,
1483 2311 1669 2389 cujus
1723 2308 1873 2373 sunt

337 2400 734 2489 praesentes
773 2400 1072 2480 denarii,
1125 2404 1490 2489 contigisse.
1598 2403 1868 2468 Etenim

130 2466 133 2497 t
180 2532 203 2543 ν
340 2515 509 2564 cum
543 2493 786 2559 Cicero
852 2500 1067 2584 magis
1121 2498 1306 2564 infra
1358 2496 1624 2563 stultum
1696 2497 1868 2566 istud

335 2589 744 2686 prodigium
774 2637 801 2671 ,
868 2594 1429 2679 haruspicumque
1484 2585 1865 2683 responsum

336 2694 458 2759 his
509 2689 739 2756 verbis
777 2689 1093 2757 irrideat:
1146 2713 1293 2759 nam
1321 2692 1490 2778 quod
1518 2690 1869 2780 haruspices

337 2783 794 2878 responderunt
809 2836 832 2873 ‚
882 2788 1044 2855 nihil
1083 2789 1182 2855 illo
1223 2787 1457 2855 clarius
1476 2835 1497 2867 ‚
1562 2787 1724 2855 nihi!
1751 2811 1862 2857 no·
1891 2818 1900 2829 ’

342 2886 538 2953 bilius
561 2885 715 2970 sore
732 2929 754 2961 ‚
802 2886 1041 2964 miror,
1093 2883 1240 2950 deos
1266 2885 1643 2951 immortales
1730 2887 1843 2951 HI
1841 2925 1865 2939 ·

335 2981 404 3048 S
411 2978 575 3045 TRI
577 2979 708 3045 ΟΝ
704 2980 749 3044 I
765 2980 998 3066 futuro
1029 2980 1373 3047 claritatem
1399 2977 1716 3070 ostendaffi,
1731 2981 1866 3045 nul-

339 3078 475 3144 lam
514 3073 809 3166 qstmdtffi
839 3074 1193 3163 Africano,
1245 3063 1315 3158 ι’)
1372 3076 1525 3161 quis
1577 3094 1717 3141 non
1766 3077 1864 3139 vi-

339 3174 504 3249 det,
554 3177 690 3235 non
733 3172 844 3258 agi
881 3173 993 3237 hic
1033 3174 1117 3238 de
1168 3168 1393 3237 nostro
1467 3171 1549 3237 L.
1618 3171 1863 3237 Roscio

334 3268 621 3334 Fabato
652 3313 673 3345 ,
718 3266 829 3331 sed
863 3268 954 3351 Q.
983 3267 1226 3333 Roscio
1262 3266 1581 3333 histrione
1611 3269 1679 3331 in
1700 3288 1865 3354 pau·

337 3369 442 3433 cis
486 3364 677 3429 claro
697 3398 731 3446 ·,
779 3366 890 3429 cui
927 3384 1012 3428 ex
1063 3364 1253 3429 facto
1291 3365 1575 3432 Comoedi
1613 3385 1862 3451 coguo-

329 3484 502 3530 men
530 3459 862 3540 inditum,
911 3481 1250 3546 quemque
1285 3459 1529 3526 Cicero
1569 3482 1759 3527 reum
1790 3481 1861 3524 o·

334 3562 657 3642 ratione,
707 3560 895 3641 qu‘us
940 3578 1099 3644 pars
1159 3555 1414 3635 exstat,
1501 3557 1864 3623 defendit?

334 3658 615 3720 Tamen
668 3653 915 3718 horum
975 3654 1126 3741 typi
1196 3652 1673 3734 denariorum,
1749 3657 1864 3739 qui

333 3740 688 3818 Lanuvini
723 3752 852 3817 toti
886 3750 1070 3831 sunt,
1143 3750 1590 3840 persuadent,
1651 3751 1865 3816 etiam

409 4020 467 4081 a)
507 4016 580 4071 de
618 4000 968 4073 Dianae-L.
1007 4020 1053 4072 1.
1093 4040 1142 4085 e,
1175 4023 1266 4090 36.

335 4092 506 4215 atalia
543 4087 610 4142 L.
648 4088 809 4153 VIII.
845 4105 938 4162 ep,
971 4105 1059 4161 »¹3-

1460 4017 1521 4083 b)
1557 3996 1629 4071 de
1667 4018 1914 4072 Divinat.
1952 4018 2021 4085 L,
2060 4019 2136 4075 11.
2174 4036 2224 4078 c.
2259 4035 2349 4088 3¹·

1322 4088 1376 4158 e)
1412 4087 1554 4146 Fan.
1594 4090 1698 4155 vl,
1735 4107 1786 4145 v.
1823 4091 1912 4146 60.

1956 1051 2042 1114 rii
2084 1051 2239 1118 cufi.

2051 1149 2161 1213 A'd
2199 1150 2378 1213 hunc
2405 1147 2643 1213 locum„
2669 1143 2927 1234 distuli,
2998 1172 3178 1236 quae
3223 1153 3311 1217 de
3361 1155 3467 1219 Iu·

1952 1263 2131 1309 none
2171 1246 2347 1329 hac,
2394 1265 2534 1309 non
2581 1246 2876 1311 Lanuvii
2925 1251 3171 1326 modo,
3239 1248 3352 1322 sed
3397 1263 3470 1316 et

1952 1341 2020 1405 in
2064 1342 2234 1407 urbe
2268 1344 2498 1427 magni
2533 1342 2874 1420 nominis,
2920 1345 3067 1426 jam
3109 1345 3200 1409 ad
3231 1347 3465 1412 varios

1950 1440 2250 1525 gentium
2282 1441 2830 1523 praecedentium
2876 1458 3119 1503 numos
3162 1442 3466 1508 animad-

1948 1536 2280 1600 vertenda
2304 1535 2513 1600 fuere.
2612 1535 3465 1618 Innumerasuntyeterum

1950 1644 2332 1711 auctorum,
2383 1642 2504 1697 aut
2540 1643 3132 1695 monumentorum
3173 1630 3464 1699 testimo-

1945 1731 2063 1793 nia
2088 1775 2110 1806 ‚
2165 1748 2342 1812 quae
2381 1724 2743 1791 stabilitum
2785 1728 3078 1794 Lanuvii
3112 1731 3251 1811 ejus
3293 1730 3471 1796 deae

1950 1824 2205 1888 cultum
2237 1825 2611 1887 memoriae
2642 1825 3029 1909 prodidere.
3129 1825 3263 1889 Sed
3298 1824 3467 1892 fecit

1950 1918 2269 1995 adfinitas
2311 1920 2662 1983 nominum
2695 1920 3001 1999 Lanuvii,
3052 1932 3120 1983 et
3171 1920 3463 2005 Lauinii,

1948 2028 2023 2080 ut
2057 2036 2192 2080 non
2237 2014 2502 2079 librarii
2541 2016 2785 2093 modo,
2848 2016 2959 2079 sed
3014 2016 3133 2101 ipfi
3191 2038 3465 2103 quoque

1950 2125 2263 2177 auctores
2332 2111 2698 2174 Lavinium
2750 2133 2878 2199 pro
2949 2113 3263 2178 Lanuvio
3330 2115 3464 2181 five

1952 2229 2072 2295 per
2124 2208 2652 2293 imprudentiam
2682 2254 2709 2286 ,
2792 2209 2929 2273 five
3005 2210 3462 2294 ignorantiam

1947 2305 2330 2369 scriberent.
2428 2303 2687 2389 Lapsus
2721 2324 2766 2368 a
2796 2304 3119 2389 Dionysio
3153 2307 3460 2373 Halicar-

1946 2400 2331 2468 nassensiet
2384 2399 2672 2466 Aeliano
2754 2401 3074 2466 admissos
3122 2401 3324 2487 supra
3389 2405 3465 2469 in·

1948 2511 2143 2586 gente
2178 2496 2397 2582 Papia
2444 2494 2970 2581 perstrinximus.
3115 2498 3460 2565 Librariu-

1943 2613 2097 2660 rum
2126 2603 2415 2679 peccata
2449 2596 2591 2675 jam
2630 2594 2719 2657 ab
2760 2593 2913 2658 aliis
2956 2593 3319 2659 observata
3362 2617 3459 2660 re-

1944 2689 2148 2781 perio.
2195 2689 2380 2776 apud
2438 2689 2804 2755 Ovidium:
2879 2689 2942 2774 ⁶)
3011 2692 3461 2781 Laviniumque

1942 2808 2182 2866 meum,
2235 2798 2303 2850 et
2336 2787 2524 2872 apud
2587 2786 2864 2853 Silium:
2915 2776 2976 2871 f)
3025 2790 3296 2857 Lavinio
3338 2811 3454 2877 ge-

1942 2893 2197 2962 nerate,
2250 2883 2359 2947 cui
2390 2883 2670 2948 lectioni
2732 2895 3011 2970 praeter
3058 2893 3458 2971 argumenta

1945 2980 2088 3043 alia
2136 2979 2294 3043 satis
2341 2973 2621 3064 cognita
2677 2981 3010 3044 reclamat
3066 2982 3273 3045 etiam
3338 2983 3457 3048 lex

1945 3076 2188 3152 metri,
2239 3095 2393 3139 cum
2450 3078 2519 3140 in
2562 3075 2904 3143 vocabulo
2984 3078 3317 3144 Lavinium
3350 3079 3453 3144 se.

1948 3171 2171 3235 cunda
2209 3169 2473 3253 syllaba
2506 3184 2689 3237 certo
2725 3176 3169 3258 producatur.

2048 3264 2275 3350 Quam
2306 3281 2617 3333 auctores
2657 3271 2904 3354 passim
2957 3272 3190 3335 dixere
3244 3273 3461 3361 Sospi-

1941 3375 2118 3441 tam,
2171 3365 2357 3427 numi
2397 3367 2769 3445 Antonini,
2822 3380 2891 3433 et
2929 3366 3292 3433 Commodi
3333 3391 3457 3457 ap-

1942 3460 2208 3549 pellant
2236 3459 2554 3547 Sispitam.
2656 3461 2929 3529 Certum
2964 3478 3217 3544 tamen,
3271 3468 3469 3532 valu-⁸

1945 3557 2062 3622 iss'e
2095 3567 2449 3640 utramque
2479 3558 3034 3644 appellationem.
3116 3564 3243 3628 Ita
3279 3584 3458 3627 nem-

1946 3674 2034 3741 pe
2071 3654 2127 3715 F
2132 3649 2339 3717 estus:
2393 3651 2455 3734 ⁸)
2523 3654 2809 3742 Sg'spitem
2854 3652 3192 3737 Iunon'm,
3275 3681 3460 3747 quam

1946 3750 2140 3838 vulgo
2166 3748 2471 3839 Sospitam
2509 3749 2815 3837 appellant
2828 3797 2849 3831 ‚
2899 3775 3036 3820 cum
3077 3775 3149 3819 ea
3196 3776 3326 3823 vox
3384 3779 3467 3826 ex.

3282 4028 3338 4089 d)
3379 4019 3454 4085 a'd

2546 4022 2593 4086 c)
2633 4021 2697 4075 L.
2732 4023 2890 4087 XLI.
2925 4027 2957 4096 ς
2989 4044 3048 4097 5,

3096 4101 3157 4167 g)
3185 4098 3243 4150 in
3309 4099 3471 4173 Sispi.

2179 4088 2223 4155 f)
2255 4089 2323 4149 L.
2376 4089 2539 4145 1111.
2602 4110 2653 4145 v.
2711 4095 2835 4161 364.
