4175 5450
683 566 832 642 {66

655 773 776 828 eta
805 747 954 826 sant
1018 777 1108 825 ex
1145 755 1294 845 lege
1339 756 1396 824 1.
1451 745 1882 822 caeraris‘v.
1915 750 1994 819 C.
2026 754 2197 839 694.

587 921 594 925 .
662 861 919 924 Verum
969 877 1057 921 an
1087 856 1324 924 IIviris
1351 858 1460 940 Ju's
1494 852 1846 917 feriundae
1883 862 2200 920 monetae

664 952 849 1022 fuit?
897 955 1098 1038 quod
1136 952 1226 1018 ab
1264 953 1509 1018 eodem
1568 951 1776 1042 toties
1833 949 2038 1014 video
2078 948 2200 1013 ob-

659 1053 782 1136 jici
797 1050 1186 1134 Yaillantio
1211 1062 1279 1113 et
1309 1046 1569 1114 Vrsmo.
1672 1045 2040 1112 Enimvero
2059 1043 2199 1112 for·

669 1168 789 1212 ma
823 1146 1080 1211 horum
1117 1161 1476 1209 numorum
1516 1143 1954 1212 remotiorem
2010 1142 2203 1206 haud

674 1242 883 1310 dubie
951 1253 1249 1308 aetatem
1297 1239 1564 1328 flagitat
1596 1285 1619 1320 ‚
1670 1249 1740 1303 et
1775 1234 2037 1315 ceres.
2087 1238 2201 1306 cui

672 1339 936 1403 sacrum
978 1337 1243 1404 animal
1274 1336 1364 1402 'est
1391 1339 1570 1416 bos,
1619 1334 1849 1401 multis
1900 1336 2055 1402 aliia
2112 1355 2199 1400 ex

674 1433 887 1499 causis
922 1436 1146 1520 potuit
1179 1434 1443 1521 [ignari.
1544 1433 1626 1499 L.
1674 1429 1946 1496 CASSI.
1985 1430 2199 1495 KAE-

533 1609 540 1615 ,
679 1530 954 1596 CIANI.
1009 1531 1319 1595 meminit
1355 1528 1561 1594 etiam
1612 1546 1917 1593 marmor
1951 1525 2199 1592 Grute-

599 1687 627 1696 ,
669 1627 753 1689 ri.
806 1624 872 1707 ⁸)
972 1627 1079 1691 De
1132 1628 1306 1691 miro
1343 1627 1413 1690 in
1455 1623 1571 1690 'his
1609 1624 1906 1689 denariis
1950 1623 2199 1710 alpha-

669 1721 817 1786 beti
849 1724 1088 1787 ordine
1144 1723 1302 1789 vide
1338 1722 1536 1812 supra
1564 1724 1634 1788 in
1684 1719 2200 1807 Prolugome'nia

667 1838 830 1907 pag.
885 1822 1006 1901 76.
2158 1821 2165 1826 '

671 2012 1029 2099 bagms.

968 2110 1060 2193 Q.
1108 2106 1495 2177 CASSIVS.
1547 2105 1750 2194 capue
1779 2102 2073 2176 mutiam
2096 2126 2200 2176 ve-

963 2205 1194 2287 latum,
1226 2208 1436 2293 juxta
1476 2205 1734 2276 VEST.

679 2302 992 2389 Templum
1023 2306 1367 2374 romum
1384 2350 1405 2383 ,
1449 2306 1632 2370 intra
1670 2302 1840 2390 quod
1881 2301 2032 2393 seHa
2097 2322 2199 2370 eu·

1245 1964 1277 2002 ἡ
1424 1914 1458 1949 .
1605 1955 1642 1998 h

2005 544 2515 634 CASSIA-

2286 751 2599 837 solennez
2652 753 2752 818 cac·
2782 747 2945 820 hm
2966 797 2991 832 ,
3041 751 3247 820 totien
3287 747 3605 817 Ciceroni
3645 752 3714 817 in
3742 751 3819 820 fi.

2286 848 2431 915 mili
2465 847 2670 916 causa
2708 852 3095 936 repetitum.
3196 848 3380 914 Sella
3419 850 3672 915 curulis
3708 852 3818 917 in-

2284 957 2395 1012 tra
2424 946 2752 1032 templum
2798 957 2995 1012 notat
3050 946 3474 1034 praetoriam
3520 944 3812 1032 potesta·

2254 1056 2421 1136 tem
2449 1092 2473 1128 ‚
2522 1063 2663 1130 qua
2704 1061 2863 1106 eum
2898 1046 2968 1108 in
2991 1044 3124 1110 hac
3164 1042 3371 1112 causa
3390 1041 3584 1108 fuiss'e
3608 1064 3817 1133 prae-

2284 1140 2501 1206 ditum
2542 1141 2867 1206 diximus.

2376 1236 2489 1304 Ad
2531 1239 2832 1321 ejusdem
2852 1233 3062 1302 Cassii
3095 1233 3439 1303 historiam
3466 1238 3805 1324 pertinent

2283 1353 2456 1398 urna
2481 1378 2503 1412 ,
2553 1331 2816 1398 tabella
2845 1333 3165 1421 inscripto
3205 1337 3289 1400 A.
3322 1334 3391 1402 C.
3418 1380 3439 1413 ,
3488 1346 3560 1400 et
3600 1347 3815 1420 caput

2282 1430 2658 1498 Libertatis
2703 1431 2966 1500 denarii
3026 1431 3382 1517 sequentis.
3500 1430 3809 1498 Innuitur

2279 1526 2388 1591 his
2415 1527 2603 1614 typis
2630 1527 2743 1591 lex
2778 1525 3143 1592 tabellaria
3173 1530 3259 1593 de
3276 1527 3572 1612 iudiciis,
3596 1547 3808 1613 quam

2278 1622 2339 1687 is
2373 1625 2441 1686 in
2476 1620 2826 1687 tribunatu
2871 1623 2986 1688 suo
3018 1626 3103 1691 V.
3147 1623 3225 1689 C.
3283 1626 3421 1705 617
3459 1623 3611 1687 tulit
3634 1671 3654 1703 ,
3705 1626 3813 1689 uti

2276 1719 2541 1806 populo
2595 1719 2665 1783 in
2708 1720 3368 1804 omnibusjudiciis,
3439 1720 3810 1806 perduelli-

2279 1835 2411 1881 one
2453 1827 2782 1904 excepta,
2853 1837 2976 1902 per
3036 1815 3364 1882 tabellam
3416 1815 3812 1903 suffragium

2279 1913 2477 1994 ess'et,
2529 1931 2668 2006 qua
2694 1912 2842 2000 lege
2876 1911 3345 1999 suffragiorum
3376 1912 3810 1978 L13ERTA-

2278 2010 2343 2074 T
2347 2010 2380 2078 1
2429 2008 2783 2097 praeclare
2815 2009 3164 2077 consuluit.
3215 2008 3629 2078 Testimonia
3655 2010 3805 2096 plu-

2277 2126 2359 2171 ra
2398 2104 2748 2178 Ciceronis
2795 2119 3069 2194 partam
3131 2107 3268 2172 hac
3315 2107 3462 2193 lege
3522 2105 3803 2172 liberta-

2204 2213 2213 2228 ·
2273 2216 2415 2269 tem
2447 2204 2908 2291 praedicantis
2934 2204 3209 2291 collegit
3229 2203 3703 2292 spanhemius.
3736 2201 3807 2287 e)

2274 2299 2549 2366 Literae
2592 2305 2677 2365 A.
2715 2301 2787 2370 C.
2828 2300 2975 2366 sunt
3010 2293 3345 2388 ἁρχαιεσαι
3379 2320 3632 2365 vocum
3670 2297 3810 2365 Ab·

671 2402 867 2475 restit.
919 2403 988 2466 in
1053 2412 1208 2468 area
1262 2401 1403 2467 him
1446 2417 1651 2478 um,
1722 2400 1882 2466 wine
1934 2399 2199 2478 tabeHa,
2256 2397 2434 2484 solvo
2506 2394 2858 2464 condemno
2898 2399 3005 2463 his
3055 2397 3330 2466 tabellis
3380 2397 3739 2482 inscriptae
3780 2443 3809 2477 ‚

674 2499 772 2562 αα·
808 2496 1211 2584 inscriptum:
1259 2498 1345 2561 A.
1396 2495 1481 2564 C.
1577 2491 1686 2558 Est
1728 2497 1874 2561 AR.
1923 2494 2004 2565 C.

770 2593 1050 2661 Eundem
1111 2595 1442 2662 denarium
1523 2593 1794 2680 rssitm‘t
1849 2597 1911 2662 T
1904 2594 2196 2683 rajames.

969 2789 1056 2871 Q.
1119 2787 1505 2854 CASSIVS.
1591 2788 1795 2875 Caput
1847 2786 2199 2869 muliebre,

941 2887 1149 2971 juxta
1194 2884 1554 2950 LIBERT.

671 2978 916 3047 Eadem·
949 2984 1187 3066 aversa.
1282 2981 1429 3042 AR.
1483 2981 1568 3046 R.

645 3080 657 3087 '
775 3073 1063 3160 Infignes
1107 3076 1178 3137 hi
1212 3076 1475 3138 denarii
1542 3070 1681 3155 iam
1752 3077 2107 3161 praeclare
2157 3097 2202 3141 a

665 3172 840 3237 viris
871 3170 1156 3235 eruditis
1191 3165 1335 3233 sunt
1370 3171 1720 3254 explicati.
1826 3171 2052 3259 Caput
2071 3175 2200 3237 Ve-

673 3264 856 3346 stae,
910 3267 1186 3349 ejusque
1220 3267 1287 3328 in
1332 3266 1568 3329 aversa
1606 3266 1943 3353 templum
2003 3289 2199 3333 revo-

675 3373 836 3427 cant
881 3363 1284 3425 memoriam
1318 3361 1399 3425 L.
1440 3359 1651 3425 Cassii
1696 3363 1984 3449 Lon'gini
2010 3412 2032 3444 ,
2085 3367 2203 3450 qui

675 3460 757 3523 V.
794 3454 873 3526 C.
912 3460 1039 3536 641
1097 3460 1454 3545 rogatione
1499 3460 1842 3524 Peduceia
1884 3460 2203 3525 constitu-

676 3567 787 3619 tus
826 3552 1163 3639 quaesitor
1205 3557 1553 3639 praetoria
1596 3553 1928 3641 potestate
1964 3560 2048 3623 de
2071 3561 2201 3623 Ve-

678 3648 949 3715 stalium<
978 3650 1212 3738 stupris
1256 3652 1591 3717 Liciniam
1636 3671 1719 3716 ac
1776 3653 2117 3719 Marciam
2158 3677 2203 3720 a

680 3747 766 3813 L.
807 3747 1092 3813 Metello
1131 3750 1205 3812 P.
1250 3749 1328 3811 M
1395 3748 1738 3814 absolutas
1771 3750 1840 3813 in
1872 3751 2202 3836 judicium

678 3846 1041 3910 revocavit
1080 3846 1595 3930 damnavitque,
1647 3859 1721 3909 ut
1756 3867 1842 3909 ex
1880 3840 2203 3926 Asconio,

635 3940 971 4025 ‘aliisque
1063 3941 1264 4004 docet
1323 3941 1627 4028 Pighius.
1680 3930 1752 4028 ι’)
1874 3944 2033 4007 Fuit
2089 3944 2202 4008 hic

683 4035 954 4105 Cassius
991 4037 1370 4102 severitatis
1403 4038 1646 4125 insigne
1686 4039 2063 4126 exemplar,
2116 4037 2200 4105 fic

675 4146 750 4198 ut
782 4153 1032 4201 reorum
1067 4133 1362 4222 stapulas
1424 4136 1628 4223 vulgo
1690 4148 2091 4211 vocaretur,
2142 4133 2205 4217 θ.)

677 4252 816 4316 quo
863 4232 1068 4295 modo
1091 4233 1455 4317 Pompeius
1482 4234 1579 4296 M.
1603 4235 1786 4317 apud
1809 4233 2199 4295 Petronium

2276 2491 2494 2559 adstat
2526 2513 2734 2574 urna,
2785 2492 3103 2575 Ciceroni
3156 2494 3422 2580 saepiae
3476 2494 3662 2562 dicta
3722 2492 3812 2556 si·-

2272 2592 2485 2671 tella,
2537 2593 2631 2655 ad
2668 2611 2786 2656 eas
2834 2593 3275 2680 excipiendas
3305 2602 3580 2679 parata.
3664 2591 3809 2656 Lu-

2214 2736 2219 2745 ·
2271 2687 2390 2757 bet
2433 2687 2867 2754 tabellarium
2903 2685 3075 2755 istud
3125 2687 3531 2755 beneficium
3580 2690 3811 2776 petito

2273 2785 2616 2852 aGraecis
2651 2785 3351 2872 exemploillustrare.
3450 2786 3608 2869 Quo
3630 2797 3825 2850 tem-.

2274 2902 2444 2968 pore
2488 2881 2922 2948 Athenienses
2975 2884 3172 2970 gravi
3211 2883 3430 2950 XXX.
3472 2895 3809 2969 tyranno-

2271 2998 2426 3042 rum
2478 2983 2640 3064 jugo
2702 2979 3227 3065 premebantur,
3291 2980 3367 3045 hi
3441 2981 3509 3045 in
3569 2980 3810 3045 senatu

2279 3072 2596 3138 sedebant
2623 3076 2693 3139 in
2723 3074 3088 3156 subselliis,
3139 3076 3360 3160 inquit
3412 3076 3692 3161 Lysiae,
3745 3066 3802 3156 f)

2274 3171 2343 3233 in
2399 3170 2644 3254 quibua
2673 3190 2848 3236 nunc
2891 3172 3232 3237 consident
3261 3186 3607 3259 prytanea.
3660 3179 3803 3238 An·

2275 3278 2343 3330 te
2403 3280 2523 3330 eos
2581 3266 2837 3354 positae
2924 3265 3190 3334 stabant
3231 3270 3523 3337 ,mensae
3578 3271 3806 3351 duae,

2277 3363 2579 3427 calculos
2633 3382 2799 3428 vero
2848 3384 2986 3428 non
3033 3364 3339 3443 licebat,
3426 3380 3501 3430 ut
3585 3378 3742 3431 ante
3772 3415 3801 3447 ‚

2276 3461 2545 3523 mittere
2575 3460 2644 3524 in
2685 3458 2965 3525 fitellam
2993 3509 3014 3542 ,
3083 3461 3194 3525 sed
3265 3462 3632 3549 oportebat
3676 3468 3811 3550 pa'-

2274 3555 2415 3620 lam
2450 3558 2520 3620 in
2580 3555 2818 3621 mensis
2885 3558 3265 3647 deponere,
3328 3570 3400 3623 et
3470 3558 3807 3624 condem-

2278 3667 2554 3717 nantem
2611 3655 2889 3738 quidem‘
2943 3655 3016 3716 in
3087 3653 3500 3739 posteriore,
3583 3653 3809 3720 absol-

2276 3761 2547 3813 ventem
2586 3753 2656 3814 in
2701 3751 2950 3835 priore.
3054 3751 3248 3816 Haec
3285 3764 3526 3816 auctor
3560 3752 3805 3817 lauda-

2278 3859 2435 3933 ωε,
2507 3844 2875 3910 Enimvero
2915 3848 2988 3910 in
3036 3849 3220 3911 omni
3283 3850 3565 3916 civitate
3637 3867 3811 3913 vere

2279 3942 2495 4005 libera
2574 3938 2890 4028 suffragia
2946 3944 3125 4008 clam
3201 3942 3365 4008 ferri
3404 3946 3550 4011 sunt
3602 3944 3809 4011 solita

2278 4035 2411 4101 five
2460 4051 2643 4104 metu
2676 4042 3054 4123 potentium
3091 4059 3401 4120 reorum,
3456 4040 3585 4115 sive
3622 4042 3804 4125 judi.-

2280 4152 2434 4198 cum
2483 4134 2792 4219 partibus
2858 4136 3259 4201 faventium.
3358 4137 3582 4221 Quem
3651 4159 3830 4217 mor

2280 4249 2424 4295 rem
2464 4232 2886 4298 collaudavit
2906 4252 3176 4318 quoque
3198 4233 3678 4309 Demosthenes
3699 4256 3716 4298 ε
3736 4238 3803 4314 8)

672 4329 924 4393 dicitur
956 4332 1319 4416 piratarum
1330 4320 1728 4416 scopulus.⁶)
1771 4329 2027 4393 Notum
2067 4331 2208 4412 ejus
2286 4319 2432 4393 ἀλα
2480 4349 2585 4394 και
2617 4350 2758 4395 turo
2806 4350 2911 4395 και
2946 4350 3184 4395 παντων
3212 4324 3389 4415 &pls-ot
3428 4323 3459 4396 ὁ
3499 4334 3679 4413 τιθεις
3702 4351 3816 4399 τω

736 4571 794 4629 a)
831 4584 887 4636 p.
926 4570 1045 4632 864.
1084 4584 1138 4623 n.
1181 4586 1263 4623 ιι.

661 4651 784 4705 ¹²3·
823 4635 976 4694 veasu
1011 4652 1128 4709 239.
1324 4639 1375 4705 e)
1410 4637 1482 4697 T·
1517 4637 1594 4693 ll·
1626 4654 1691 4711 Ρ.
1730 4646 1847 4708 ²98·

1474 4566 1531 4633 b)
1572 4567 1719 4620 Ann-
1758 4567 1865 4627 111,
1899 4582 1960 4640 p,
2002 4581 2120 4635 ¹09·
2160 4565 2270 4638 seq.

2035 4634 2081 4704 s)
2122 4633 2278 4704 Orat,
2312 4638 2373 4694 in
2407 4636 2634 4711 agerat.

2502 4568 2552 4622 cl
2588 4568 2806 4642 Pighius
2841 4569 2878 4622 1.
2916 4585 2960 4622 c.
2999 4586 3056 4641 p.
3101 4580 3183 4631 14.
3360 4566 3439 4633 'd)
3474 4570 3705 4642 Satyrie.
3742 4589 3801 4629 ο.

2822 4641 2875 4714 g)
2916 4637 2987 4694 de
3023 4638 3145 4695 fals.
3181 4637 3343 4710 legat.
3375 4655 3437 4713 p·
3464 4657 3598 4713 330.
3633 4640 3712 4698 A.
