4175 5450
659 607 796 682 116

653 800 798 877 lec,
851 794 968 862 etsi
1013 792 1328 883 gentibue
1359 789 1693 860 Romanis
1731 793 2181 878 homonymi,

653 897 774 961 vix
819 906 1053 957 tamen
1091 893 1184 956 ad
1221 911 1338 955 eas
1361 892 1768 978 pertinuere,
1818 902 1895 956 ut
1923 891 2180 955 dictum

651 992 725 1058 in
755 1002 1058 1056 tractatu
1085 991 1170 1056 de
1209 986 1516 1054 Coloniia
1557 988 1714 1060 Vol.
1749 987 1870 1056 lv.
1901 1007 1971 1072 p.
2005 1000 2176 1067 482.

651 1086 1136 1166 ProconsuleS,
1204 1096 1598 1173 praetoreS,
1665 1083 2179 1173 provinciarum

654 1181 1084 1271 quaestoriae,
1135 1202 1308 1270 quos
1354 1182 1647 1267 pecunia
1713 1181 2072 1268 peregrina
2104 1180 2176 1244 fi,

651 1278 805 1360 stit,
857 1300 1011 1350 cum
1045 1280 1278 1344 saltem
1321 1279 1748 1364 aliquamdiu
1796 1276 1915 1341 sub
1966 1278 2179 1364 impe-

650 1375 997 1442 ratoribus
1041 1397 1130 1440 ex
1165 1378 1318 1440 unis
1365 1372 1512 1439 fere
1551 1374 1862 1461 gentibus
1923 1376 2181 1440 Roma·-

652 1472 761 1538 nis
797 1473 983 1557 capti
1020 1471 1297 1551 fuerint,
1348 1474 1522 1535 inter
1559 1484 1789 1559 gentes
1811 1517 1831 1549 ,
1884 1473 1977 1536 ad
2009 1491 2182 1556 quas

651 1568 990 1657 spectant,
1038 1569 1339 1634 indicavi
1380 1569 1681 1654 quidem,
1733 1567 1848 1631 sed
1885 1568 2182 1654 plerum·

656 1683 791 1751 que
828 1665 899 1728 in
937 1676 1212 1729 moneta
1267 1668 1405 1747 ejus
1446 1664 1634 1728 urbis
1659 1711 1678 1742 ,
1733 1684 1821 1728 ex
1858 1684 1995 1748 qua
2025 1684 2181 1751 pto·

658 1762 937 1847 divere,
988 1760 1356 1845 explicavi.
1457 1757 1565 1823 lsti
1609 1772 1844 1824 tamen
1884 1757 2180 1825 instituto

657 1875 798 1923 non
835 1856 1016 1920 ultra
1051 1856 1437 1928 Domitiani
1479 1857 1838 1942 imperium
1902 1855 2182 1921 inhaesi.

655 1953 840 2018 Nam
892 1972 1046 2017 cum
1098 1953 1417 2039 deinceps
1462 1954 1972 2037 provinciarum
2011 1953 2185 2037 regi-

655 2068 816 2114 men
850 2050 1067 2113 multo
1100 2045 1568 2133 frequentina,
1636 2067 1722 2112 ac
1790 2059 1997 2112 antea
2068 2048 2187 2111 de.

658 2146 1060 2211 mandatum
1113 2142 1321 2210 fuerit
1359 2144 1730 2230 peregrinis
1773 2143 1842 2207 in
1884 2142 2188 2210 civitatis

663 2253 735 2305 et
812 2239 1150 2303 honorum
1242 2239 1793 2306 communionem
1853 2238 2125 2304 adscitis
2165 2290 2187 2323 ,

664 2333 947 2400 difficile
975 2339 1117 2419 jam
1151 2333 1296 2414 'est,
1348 2348 1555 2420 atque
1633 2336 1964 2420 intutum,
2015 2336 2144 2400 hos
2169 2386 2189 2418 ,

636 2442 732 2495 *et
789 2450 950 2494 vere
1035 2432 1392 2498 Romanae
1456 2430 1817 2517 prosapiae
1870 2431 2188 2498 homines

663 2525 1062 2600 discernere,
1160 2525 1606 2592 Familiarum
1623 2547 1867 2593 numos
1892 2529 2006 2591 uni
2027 2526 2211 2593 Gol-⁴

662 2624 805 2689 tzio
835 2623 1144 2711 cognitos
1165 2637 1395 2690 vetere
1427 2643 1583 2688 meo
1617 2620 1914 2690 instituto
1947 2644 2188 2702 omnes

1031 585 2062 686 PRoLEGOMENA
2160 590 2338 670 AD
2438 585 2905 672 Nvmos
3019 535 3473 672 FAMI‘L.

2262 790 2585 879 aspernor
2607 817 2627 870 ;
2675 790 2807 858 suis
2853 805 3087 859 tamen
3125 792 3299 858 locis
3331 811 3615 861 monere
3643 807 3785 861 non

2258 889 2575 976 negligo,
2627 887 2672 953 fi
2704 909 2846 975 qua
2889 911 2977 956 ex
3033 891 3257 954 numia
3305 910 3467 977 gene
3517 890 3608 957 ab
3697 909 3783 962 eo

2256 983 2391 1052 fuit
2426 987 2712 1070 intrusa,
2762 1008 2849 1052 ne
2882 987 3045 1073 quid
3081 1007 3258 1052 ame
3297 1008 3421 1072 per
3454 988 3787 1054 incuriam

2258 1084 2795 1171 praetermiss'um
2842 1082 3168 1150 defideret
3196 1084 3438 1149 lector.

2356 1179 2699 1246 Denarios
2736 1182 2975 1259 Bruti,
3038 1177 3296 1258 Cassii,
3368 1179 3524 1246 Sex.
3583 1182 3787 1247 Pom.

2261 1279 2438 1366 peji,
2492 1278 2901 1343 Illvirorum
2946 1279 3052 1344 M.
3087 1276 3416 1356 Antonii,
3469 1291 3538 1342 et
3586 1277 3787 1365 Lepi-

2260 1377 2373 1455 di,
2429 1377 2756 1460 quoniam
2819 1374 2961 1440 viri
3006 1374 3079 1437 hi
3131 1374 3308 1438 inter
3348 1374 3506 1439 Iulii
3545 1372 3787 1439 Caesa-

2246 1474 2354 1538 -ris
2386 1520 2410 1553 ,
2459 1485 2529 1537 et
2556 1469 2830 1560 Augusti
2877 1484 3200 1558 tempora
3245 1470 3506 1536 summo
3558 1472 3635 1536 in
3684 1491 3793 1538 re·

2248 1570 2546 1655 fflublica
2583 1569 2741 1633 loco
2781 1559 3057 1646 stetere,
3114 1579 3183 1631 et
3213 1587 3600 1652 numorum,
3619 1587 3790 1653 quos
3852 1647 3859 1656 .

2264 1667 2538 1732 nomine
2578 1666 2693 1730 suo
2752 1664 3144 1751 fignavere,
3198 1676 3602 1750 argumenta
3684 1664 3789 1728 hi-

2256 1758 2539 1827 'storiam
2560 1760 2933 1827 Caesarum
2966 1759 3217 1825 eximie
3247 1757 3597 1839 illustrant,
3649 1758 3794 1845 post

2254 1877 2520 1922 numos
2592 1855 2921 1921 *Caesaris
2980 1856 3341 1920 dictatoris
3390 1855 3790 1938 collocare,

2252 1954 2755 2039 aexphcneque
2792 1951 3241 2040 opportunius
3280 1949 3369 2014 est
3406 1951 3646 2018 visum.

2368 2049 2669 2136 Singulis
2695 2051 2904 2114 etiam
2941 2050 3164 2114 numis
3197 2048 3292 2112 rui
3344 2049 3564 2131 adjeci
3592 2050 3793 2115 meri-

2269 2145 2325 2208 ti
2366 2142 2606 2210 statum
2635 2193 2658 2226 ,
2709 2145 2798 2210 fic
2833 2156 2908 2210 nt
2960 2146 3325 2210 secundum
3396 2157 3599 2211 notas
3649 2149 3792 2229 jam

2272 2242 2525 2329 passim
2574 2255 2888 2330 receptas
2937 2243 3137 2306 litera
3185 2242 3248 2304 R
3337 2243 3626 2321 indicet,
3676 2264 3795 2308 nn·

2272 2359 2462 2403 mum
2499 2340 2626 2404 ess'e
2679 2359 2950 2420 rarum,
3002 2339 3149 2402 RR.
3218 2339 3435 2424 magis
3520 2359 3796 2423 rarum,

2275 2447 2342 2499 et
2386 2434 2470 2499 fic
2514 2436 2876 2522 deincepS,
2944 2434 3146 2499 litera
3202 2446 3434 2499 autem
3484 2432 3579 2515 C,
3671 2455 3801 2500 nu·

2273 2552 2461 2596 mum
2503 2531 2629 2597 effe
2667 2551 3142 2611 communem,
3194 2543 3265 2597 ct
3295 2530 3600 2606 obvium,

2942 4654 2963 4744 ι-η
