4175 5450
745 613 886 668 200
2040 581 2570 662 CVRTIA.

757 796 888 860 hos
916 842 935 872 ,
991 791 1175 879 quod
1214 810 1351 855 uno
1402 800 1599 877 partu
1645 789 1807 854 editi
1848 784 2113 867 fuere,'
2172 787 2278 849 di·
2363 787 2519 851 satis
2558 787 2903 871 explicata
2934 784 3137 850 ratio.
3240 785 3692 872 Nequaquam
3719 810 3854 876 pro.-

762 904 911 955 ctos
947 894 1343 976 tergeminos,
1392 887 1665 951 testatur
1696 888 1976 950 Plinius.
2010 881 2073 964 ²)
2137 885 2281 948 Ter·
2363 883 2528 947 bare
2573 885 2826 968 poll'um
2881 885 3201 960 modum,
3257 904 3391 966 quo
3435 905 3515 949 ea
3555 908 3851 973 compen.

756 992 1041 1075 geminos
1092 987 1254 1073 nasci
1287 996 1514 1052 certum
1554 988 1629 1074 cst
1684 985 2105 1070 Horatiorum
2153 981 2278 1045 Cu·
2363 982 2481 1044 dia
2533 981 2834 1065 explicat
2924 983 3443 1065 Havercampus
3530 984 3854 1081 legendo:

752 1090 1206 1170 riatiorumque
1249 1081 1539 1166 exemplo.
1656 1080 1944 1164 Propius
2007 1077 2098 1139 ad
2144 1076 2273 1139 hos
2364 1076 2563 1142 Caius
2596 1074 2922 1144 CvRiatia·
2963 1079 3015 1138 F
3022 1079 3209 1157 ilius,
3267 1080 3543 1160 perinde
3583 1079 3752 1165 quali
3791 1083 3858 1146 fi.

752 1185 1075 1248 denarios
1131 1177 1540 1254 Columella,
1581 1194 1970 1238 memorans
2024 1161 2089 1252 b)
2143 1170 2273 1248 At.
2357 1172 2488 1236 lius
2534 1172 2876 1239 Curiatius
2921 1174 3129 1237 alinum
3173 1186 3461 1259 patrem,
3516 1197 3716 1260 quam
3741 1177 3857 1241 Cu.

756 1278 958 1345 banus
997 1278 1315 1342 Curiatiae
1356 1272 1646 1361 familiae
1708 1270 2275 1336 TRIGEMINO·
2356 1271 2633 1333 riatium
2660 1271 2914 1336 habere
2953 1271 3286 1357 potuisset.
3393 1270 3569 1334 Sane
3601 1273 3738 1336 alia
3763 1274 3860 1339 fu-

749 1377 974 1444 RVM
1011 1382 1266 1437 matres.
1399 1371 1469 1434 Si
1534 1379 1952 1433 memoratus
2019 1367 2086 1427 in
2141 1364 2276 1428 hoc
2357 1367 2413 1430 it
2454 1369 2782 1431 Romanis
2820 1371 2999 1432 ratio
3037 1366 3397 1453 profitendi
3447 1370 3682 1451 patris.
3751 1373 3859 1433 Vi..

756 1471 1039 1536 denario
1078 1467 1155 1532 C.
1206 1466 1545 1531 Curiatius
1588 1466 1773 1528 idem
1827 1460 1960 1526 fuit
1997 1481 2149 1525 cum
2191 1460 2271 1525 C.
2361 1465 2559 1540 detur
2606 1464 2846 1527 melius
2901 1466 3295 1550 legendum:
3365 1462 3444 1530 C.
3500 1463 3864 1536 CVRiaua,

756 1567 1069 1631 Curiatio
1111 1564 1379 1626 tribuno
1423 1563 1517 1649 pl.
1546 1608 1566 1640 ,
1618 1563 1733 1644 qui
1791 1562 1875 1626 V.
1936 1557 2012 1623 C.
2056 1556 2217 1621 '616
2248 1608 2271 1641 ,
2354 1561 2561 1626 Filius
2590 1604 2616 1646 ‚
2669 1581 2826 1624 nam
2870 1561 2951 1624 fic
3007 1563 3210 1623 etiam
3255 1559 3586 1622 habemus
3633 1563 3699 1623 in
3759 1566 3906 1656 Li„

755 1663 940 1746 quod
979 1659 1268 1724 antehac
1292 1659 1705 1735 inauditum,
1756 1656 1848 1722 D.
1880 1657 2163 1719 Brutum
2206 1668 2273 1720 et
2353 1658 2621 1720 vincia:
2702 1657 3138 1722 REGVLVS.
3183 1656 3261 1719 F.
3291 1703 3311 1733 ,
3364 1657 3430 1717 in
3513 1659 3798 1725 Procilio
3837 1685 3860 1727 a

753 1751 834 1822 P.
875 1757 1263 1841 Scipionem
1307 1755 1606 1819 consules
1658 1756 1727 1816 in
1783 1752 2058 1816 vincula
2113 1771 2270 1815 con·
2356 1753 2437 1817 L.
2479 1752 2872 1818 PROCILI.
2906 1754 3023 1831 F„
3076 1754 3391 1816 nimirum
3428 1764 3501 1814 ut
3547 1754 3719 1818 inter
3749 1778 3861 1842 pa-

722 1857 950 1939 ·jecit,
1002 1851 1168 1915 nihil
1203 1851 1453 1915 sanein
1508 1863 1807 1914 veterem
1839 1849 2029 1911 illam
2079 1846 2270 1911 Curi·
2355 1862 2529 1912 trem
2586 1848 2936 1936 filiumque
3000 1850 3352 1913 discrimen
3413 1848 3608 1925 ess'et,
3685 1856 3861 1937 quod

753 1954 1054 2014 atiotum
1136 1961 1403 2033 gentem
1469 1948 1631 2026 juris
1702 1944 1981 2018 habuit,
2036 1964 2196 2006 nam
2229 1965 2274 2007 a
2355 1945 2776 2029 potissimum
2811 1946 3250 2011 confirmatur
3280 1946 3864 2030 exemplonES-

750 2046 1086 2109 Cicerone
1119 2093 1139 2122 ,
1196 2047 1311 2128 qui
1376 2042 1634 2106 factum
1702 2038 1869 2104 istud
1912 2038 2163 2123 refert,
2215 2045 2270 2118 ο)
2356 2040 2547 2104 SAL.
2593 2041 2672 2105 F.
2699 2089 2719 2119 ,
2775 2045 2858 2109 de
2889 2063 3025 2129 quo
3059 2043 3220 2130 vide
3260 2041 3444 2107 infra
3474 2045 3545 2107 in
3594 2046 3866 2114 Valerio

750 2131 933 2210 honio
976 2146 1245 2207 omnium
1285 2142 1531 2227 infimus
1570 2148 1631 2203 et
1662 2136 2105 2225 sordidiffimus
2155 2156 2273 2222 ap·
2354 2136 2688 2226 Mell'alla.
3261 2179 3270 2184 -

748 2240 1076 2331 pellatur.
1176 2239 1602 2328 Epigraphes
1637 2234 1715 2306 C.
1760 2233 1964 2303 CVR.
2000 2232 2081 2300 F.
2136 2253 2275 2302 non

1972 2555 2804 2704 etfama.⁴

840 2820 1026 2894 Gens
1065 2821 1360 2913 plebeia.
2644 2825 2787 2891 CN.
2868 2790 3202 2892 D'OMIT.
3280 2823 3483 2915 Caput
3555 2794 3924 2916 Apollinis*

1039 2925 1126 3007 Q.
1149 2919 1653 3007 CVRchaput
1684 2915 1973 2989 Palladis
2005 2921 2268 3003 alatum,
2646 2920 2809 2988 tour.

1029 3039 1192 3104 pone
1230 3020 1313 3083 X.
1514 3050 1520 3057 ·
2358 3016 2444 3101 Q.
2480 3017 2751 3084 CVRT.
2788 3018 3292 3105 SILAN.Lyra.
3392 3023 3536 3087 AE.
3580 3022 3699 3105 ῌῙ.

750 3116 855 3181 Μ.
894 3114 1121 3178 SILA.
1178 3115 1467 3197 Iuppiter
1499 3114 1565 3177 in
1607 3114 1747 3179 citis
1805 3114 2142 3200 quadrigis
2206 3114 2271 3181 d.

734 3212 980 3298 fulmen
1017 3213 1319 3287 intentat,
1353 3210 1416 3295 s.
1437 3212 1789 3296 sceptrum,
1822 3214 2091 3298 superne
2128 3211 2278 3299 quid
2449 3209 2859 3291 Verisimile,
2913 3211 3037 3278 Cn.
3075 3196 3452 3277 Domitium
3481 3263 3501 3294 ,
3554 3218 3655 3281 M.
3696 3216 3890 3281 Iuni·

744 3309 939 3397 irfiar
977 3308 1152 3382 litui,
1219 3305 1397 3392 infra
1448 3305 1738 3373 ROMA.
2351 3328 2465 3370 um
2510 3308 2857 3387 Silanum,
2930 3310 3011 3392 Q.
3082 3308 3386 3375 Curtium
3461 3313 3653 3376 fuiss'e
3741 3335 3894 3380 uua

1043 3402 1186 3467 CN.
1227 3396 1491 3466 DOMI.
1547 3402 1957 3489 Caputllom's
2020 3406 2271 3473 laurea-
2352 3404 2640 3467 Illviros
2677 3404 2856 3468 forte
2890 3406 3203 3471 coloniae
3225 3410 3690 3485 deducendae,
3721 3410 3896 3477 hos-

1047 3510 1215 3580 tum,
1260 3519 1423 3586 pone
1456 3499 1528 3565 S.
1802 3528 1811 3533 ·
2354 3521 2486 3586 que
2535 3522 2775 3566 numos
2813 3523 3062 3567 aeneos
3097 3514 3288 3566 extra
3333 3506 3572 3570 urbem
3624 3505 3895 3572 feriun-

745 3595 850 3664 M.
885 3597 1111 3663 SILA.
1154 3597 1238 3679 Q.
1298 3597 1604 3661 CVRTI.
1658 3595 1869 3663 Clava.
1974 3598 2218 3668 SemiS.
2356 3599 2482 3661 dos
2518 3600 2809 3676 cur-affe,
2878 3602 3038 3683 quia
3099 3598 3410 3684 spectatis
3466 3604 3650 3688 typis
3709 3606 3905 3670 nihil

1047 3692 1190 3758 CN.
1226 3694 1492 3759 DOMI.
1562 3694 1773 3780 θαμὰ·
1810 3696 2100 3763 Herculis
2152 3701 2271 3762 im·
2354 3694 2609 3757 habent
2646 3716 2796 3758 cum
2837 3697 3100 3779 reliqua
3132 3696 3600 3766 Romanorum
3639 3721 3898 3768 mone-

1043 3789 1263 3853 b'erbe.·
2351 3804 2426 3855 ta
2478 3811 2697 3856 aenea
2725 3810 3103 3857 commune.

750 3888 853 3952 M.
911 3888 1133 3951 SILA.
1182 3887 1265 3968 Q.
1322 3882 1627 3954 CVRTL
1713 3890 1971 3976 Arcus,
2041 3891 2269 3971 clava,

686 4012 695 4021 ·
743 3985 1050 4075 jaculum.
1150 3984 1296 4062 AB,
1347 3984 1703 4049 11..
2448 3984 2594 4050 AR.
2642 3995 2711 4049 et
2755 3985 2903 4055 «ΑΕ.
2942 3985 3160 4052 minus
3197 3985 3278 4055 R.

813 4684 874 4749 a)
906 4681 977 4745 1...
1013 4682 1143 4739 vu.
1181 4681 1213 4754 5
1246 4698 1306 4752 3.
1476 4679 1537 4752 b)
1573 4679 1645 4739 de
1678 4680 1762 4735 Re
1797 4680 1916 4737 tufi.
1951 4681 2018 4737 L.
2047 4665 2158 4749 m.
2192 4700 2240 4740 e.
2272 4693 2330 4749 8,
2499 4684 2550 4753 e)
2586 4680 2656 4738 de
2689 4680 2855 4756 legib.
2889 4682 2958 4741 L.
2990 4642 3183 4746 nbc.
3216 4699 3276 4753 9.-
