4175 5450
1465 576 2436 705 ·EGNATVLEuu
3026 593 3038 605 ·
3383 632 3523 703 ΝΞ

377 832 535 897 tas,
582 833 796 903 quam
824 815 1108 888 exhibet
1179 816 1388 883 etiam
1450 815 1768 904 denarius
1813 814 1903 879 se·
1986 826 2172 877 recte
2207 809 2525 878 observat
2553 810 3123 894 HavercampuS,
3176 810 3302 877 ess'e
3340 810 3508 879 ssmi-

380 937 1545 1002 quens..
1984 911 2049 975 le
2086 912 2323 998 capiti,
2372 912 2441 974 in
2477 910 2664 993 quod
2695 907 2843 969 litui
2883 906 3208 971 militares
3235 923 3506 976 exeunt.

1985 1008 2179 1070 Idem
2223 1025 2583 1092 perperam
2626 1004 3002 1070 Victoriam
3059 1005 3506 1072 advolantem

671 1111 1157 1177 MAXVMVS.
1214 1111 1417 1199 Caput
1443 1107 1757 1186 muliebre,
1786 1130 1903 1195 po·
1983 1101 2158 1167 facit
2193 1105 2304 1183 id,
2359 1103 2547 1188 quod
2577 1100 2954 1165 luculentus
3026 1098 3112 1162 est
3179 1103 3508 1189 Cupido,

670 1226 747 1271 ne
768 1207 997 1294 pileus
1987 1202 2103 1283 qui
2150 1200 2414 1286 alioqui
2466 1202 2535 1263 in
2588 1195 2903 1263 omnibus
2940 1195 3225 1284 ‚Egnatii
3273 1201 3498 1269 umus

372 1299 453 1368 C.
488 1300 977 1368 EGNATIVS.
1054 1303 1195 1369 CN.
1244 1306 1323 1369 F.
1375 1302 1519 1369 CN.
1570 1302 1656 1365 N.
1715 1303 1904 1370 Duae
1983 1296 2136 1361 suas
2171 1295 2385 1362 habet
2424 1308 2679 1383 partes

373 1401 662 1465 mulieres
707 1401 1002 1487 galeatae
1046 1413 1109 1467 et
1150 1401 1424 1490 hastatae
1439 1403 1710 1486 stantes,
1751 1421 1898 1487 qua-

375 1519 521 1563 rum
558 1498 886 1564 dexterior
915 1499 974 1587 s
1009 1502 1435 1583 parazonium
1471 1507 1672 1575 tenet,
1724 1507 1788 1563 et
1835 1498 1896 1585 s.
2701 1491 2747 1524 '¹‘

370 1592 525 1678 pede
579 1598 770 1680 capiti
825 1594 1121 1661 animalis
1168 1597 1414 1685 insfiit,
1499 1595 1589 1662 ad
1636 1595 1902 1660 alteram
2276 1588 2763 1654 MAXVMVS.
2816 1590 3115 1654 Protome
3143 1587 3496 1676 Cupidinis.

382 1687 641 1756 advolat
680 1692 953 1777 Cupido,
1001 1690 1140 1759 hinc
1172 1703 1230 1758 et
1278 1693 1437 1759 illinc
1480 1711 1691 1758 remus
1739 1713 1898 1778 pro·
1986 1683 2062 1748 C·
2102 1683 2585 1750 EGNATIVS·
2632 1682 2773 1750 CN·
2820 1685 2896 1747 F
2969 1684 3107 1749 CN
3143 1687 3228 1750 N
3319 1693 3496 1756 Tem-

375 1806 493 1851 rae
528 1789 721 1854 navis
751 1789 1025 1877 infixae,
1076 1793 1143 1854 in
1205 1810 1357 1856 area
1416 1793 1740 1856 variantes
1808 1789 1899 1854 al·
1975 1781 2149 1868 plum
2186 1783 2497 1871 distylnm,
2547 1786 2725 1847 intra
2759 1783 2926 1869 quod
2943 1784 3080 1869 stat
3135 1785 3240 1849 vir
3297 1796 3494 1871 toga-

363 1881 625 1969 phabeti
659 1884 896 1950 literae.
998 1888 1144 1949 AR.
1180 1885 1255 1950 C.
1983 1890 2093 1945 tus
2120 1881 2181 1946 d.
2221 1879 2474 1970 hqstam,
2505 1882 2711 1968 [κρυ-α
2740 1900 2917 1965 quem
2961 1882 3030 1943 in
3072 1884 3336 1968 epistylio
3359 1885 3496 1969 sut.

472 1981 582 2043 Ad
624 1980 754 2044 hos
788 1982 1132 2061 denarios,
1184 1985 1506 2067 quoniam
1544 2001 1898 2071 argumen-
1982 1999 2120 2042 men
2147 2026 2166 2057 ,
2222 1979 2423 2065 afflat
2454 1979 2672 2041 mulier
2702 1976 2990 2042 manibus
3024 1981 3344 2068 expansis,
3375 1981 3496 2067 su-

373 2090 519 2142 tum
559 2078 928 2141 admodum
969 2074 1343 2164 implexum
1384 2082 1707 2157 offerunt,
1755 2081 1897 2143 ani·
1973 2097 2104 2160 pra
2140 2097 2326 2163 quam
2353 2074 2565 2153 ,eodem
2596 2073 2724 2138 loco
2753 2073 3001 2157 pileus,
3050 2076 3121 2138 in
3187 2096 3342 2141 area
3379 2096 3500 2142 no-

374 2173 807 2236 madvertere
845 2174 1013 2236 nihil
1048 2173 1236 2238 lubet
1262 2221 1283 2251 ,
1341 2178 1745 2264 conjecturis
1782 2178 1899 2261 qui
1982 2180 2084 2238 tae
2119 2170 2562 2237 arithmeticae.
2661 2170 2814 2233 AR.
2871 2166 2946 2233 C.

376 2268 682 2345 inhiant,
755 2288 843 2330 ex
903 2269 1389 2354 Havercampo
1459 2291 1583 2333 eas
1638 2284 1897 2355 petant.
2082 2269 2457 2332 Obscurum
2493 2270 2738 2332 iterum
2801 2282 3291 2352 argumentum.
3387 2270 3502 2337 Ne

378 2363 561 2428 Satis
598 2362 958 2447 putabam,
1011 2383 1129 2426 eos
1168 2366 1492 2428 adcurate
1537 2385 1622 2426 ex
1662 2366 1896 2428 arche·
1982 2376 2215 2426 tamen
2276 2364 2686 2427 dissimulem
2741 2364 3048 2428 virorum
3110 2366 3502 2454 praestanti.

377 2461 568 2544 typis
606 2459 1054 2543 integerrimis
1109 2459 1318 2524 musei
1386 2459 1699 2523 Caesarei
1784 2461 1897 2522 de·
1982 2478 2098 2520 um
2145 2459 2475 2536 oracula,
2546 2457 2926 2521 existimant
2975 2464 3387 2529 Vaillantius
3434 2477 3504 2529 et

373 2553 727 2638 scripfiss'c,
784 2574 944 2617 nam
982 2568 1049 2618 et
1078 2556 1149 2618 in
1189 2554 1325 2619 hoc
1359 2557 1566 2621 video
1623 2553 1896 2620 aberra·
1982 2554 2546 2640 Havercampus‚
2615 2555 2911 2641 proponi
2965 2556 3032 2619 in
3087 2559 3326 2623 aversa
3390 2560 3496 2625 Io·

374 2673 448 2722 re
485 2664 800 2716 auctores
839 2652 1117 2718 nostros.
1220 2651 1367 2734 Ita,
1420 2654 1607 2738 quod
1658 2652 1903 2717 mulier
1984 2670 2140 2714 vem
2191 2648 2578 2715 Gamelium
2610 2700 2629 2732 ,
2684 2663 2752 2715 et
2796 2651 3124 2717 Iunonem
3165 2656 3504 2742 Zygiam,

377 2751 554 2835 pede
587 2748 850 2827 calcat,
925 2749 1301 2815 Vaillantio
1363 2747 1454 2813 est
1516 2761 1727 2835 caput
1782 2750 1901 2815 bo·
1986 2760 2052 2812 et
2099 2749 2414 2815 denarios
2449 2749 2577 2815 hos
2615 2751 2688 2814 in
2719 2746 2886 2814 urbe
2933 2754 3260 2841 quapiam
3289 2751 3499 2820 Grae«-

377 2847 533 2925 πίε,
586 2847 944 2914 Morellius
1001 2860 1207 2935 caput
1268 2849 1421 2936 apri
1484 2847 1763 2935 pinxit,
1827 2859 1902 2913 at
1982 2862 2068 2909 ca
2107 2844 2416 2931 signatos.

1334 3074 2549 3219 EGNATVLEIA

465 3330 658 3397 Gens
689 3353 939 3420 parum
979 3340 1278 3423 cognita.
1983 3353 2121 3405 tus·
2217 3320 2351 3403 1'110
2385 3339 2563 3401 enim
2607 3336 2680 3399 in
2715 3337 2937 3400 numis
2991 3336 3223 3401 multis
3249 3385 3272 3416 ‚
3313 3358 3496 3425 quo-

674 3428 751 3492 C.
788 3430 1342 3497 EGNATVLEI.
1424 3431 1499 3496 C.
1554 3434 1632 3496 F.
1700 3432 1908 3518 Caput
1984 3456 2135 3499 rum
2170 3435 2564 3519 catalogum
2599 3434 2671 3497 in
2713 3433 2942 3519 operis
2985 3433 3081 3495 sui
3117 3436 3339 3498 indice
3377 3435 3497 3500 sub

671 3524 983 3609 ApoHinis
1028 3527 1206 3613 infra
1249 3528 1337 3610 Q.
1985 3529 2049 3611 Q
2087 3528 2353 3608 adfert,
2404 3548 2840 3613 nequaquam
2885 3526 2949 3608 Q
2981 3528 3325 3606 Latinum,
3383 3530 3496 3594 sed

387 3616 686 3686 Victoria
729 3620 1057 3706 inscribens
1094 3625 1295 3708 clypeo
1329 3643 1412 3690 ex
1462 3631 1721 3709 tropaeo
1783 3623 1902 3711 βι-
1981 3637 2180 3689 vetus
2211 3625 2416 3712 Koph
2455 3626 2897 3689 Phoenicium
2956 3624 3247 3708 exprimi
3294 3624 3495 3689 adfir-

354 3715 623 3828 spensa,
672 3718 749 3785 in
768 3717 1038 3802 areaQ,
1064 3721 1241 3806 infra
1276 3721 1571 3787 ROMA.
1647 3720 1901 3805 Quina·
1982 3734 2131 3785 mat
2170 3720 2451 3785 obvium
2529 3720 2601 3783 in
2639 3721 2860 3784 numis
2952 3719 3435 3804 Syracusarum
3470 3765 3496 3802 ,

372 3815 464 3878 rii
517 3809 593 3877 C.
1982 3838 2122 3906 quo
2155 3828 2446 3882 tractam
2489 3815 2818 3883 Corintho
2875 3815 3199 3904 originem
3238 3816 3496 3884 indica-

475 3910 685 3974 Numi
716 3908 915 3994 hujus
954 3911 1168 3977 sensus
1200 3915 1443 4004 planus
1489 3935 1574 3979 ac
1618 3914 1899 3981 obvius.
1977 3919 2040 3982 ri
2075 3912 2354 3981 constat.
2451 3916 2564 3980 Ad
2595 3915 2881 3981 eandem
2910 3933 3072 4002 ergo
3108 3914 3325 4000 legem
3363 3916 3493 3981 hos

374 4008 692 4072 Victoria
749 4009 1217 4092 quinat-iorum
1275 4025 1486 4099 typus
1552 4010 1898 4093 constans,
1981 4033 2253 4100 quoque
2300 4013 2651 4096 quinarios
2718 4013 2986 4098 adigit,
3069 4012 3498 4097 adseritque,

376 4104 580 4170 litera
616 4104 681 4188 Q
720 4105 1034 4190 utrinque
1075 4107 1325 4195 scripta
1344 4107 1746 4192 Quinarium
1777 4131 1898 4174 no·
1979 4110 2322 4200 percuss'os
2358 4110 2428 4173 in
2473 4109 2708 4173 Sicilia
2748 4130 2792 4173 a
2841 4105 2915 4172 C.
2963 4108 3369 4194 Egnatuleio
3401 4110 3492 4175 O·

377 4211 503 4264 tat.
606 4202 763 4266 Non
800 4200 884 4265 [ic
924 4203 1486 4292 naver-campus,
1526 4207 1650 4270 cui
1704 4226 1904 4271 omne
1982 4207 2288 4274 ctaviani
2320 4203 2690 4293 quaestore,
2737 4217 2808 4269 et
2835 4205 3106 4289 quidem
3141 4204 3496 4292 postquam

373 4296 548 4359 illud
574 4297 789 4360 visum
822 4297 1185 4384 ignavum,
1239 4302 1757 4388 quffl·fflffle1,
1806 4305 1905 4366 in·
1986 4327 2077 4371 ex
2113 4300 2326 4370 infula
2359 4303 2585 4389 pulsus
2615 4300 2702 4366 est
2733 4301 2892 4368 Sex,
2939 4302 3332 4388 Pompeius,
3367 4325 3495 4368 ·cu·

376 4391 655 4476 dignum
695 4395 926 4473 adeo,
979 4418 1116 4481 quo
1146 4399 1334 4463 stium
1375 4399 1505 4464 sese
1552 4390 1897 4488 ingenium
1972 4406 2081 4490 jus
2129 4400 2332 4467 causa
2376 4401 2620 4464 inserta
2665 4418 2870 4463 numo
2913 4398 3241 4464 Victoria.
3340 4401 3496 4465 Non

364 4500 744 4551 exerceret.
845 4491 1026 4577 Ergo
1062 4494 1127 4580 Ω
1178 4498 1394 4582 partis
1440 4498 1713 4570 anticae
1783 4519 1894 4561 ex·
1982 4499 2125 4564 alia
2156 4497 2373 4583 magis
2429 4517 2538 4561 res
2576 4497 2659 4560 fic
2705 4516 2814 4560 me
2868 4494 3203 4577 delectat,
3292 4509 3496 4581 atque

376 4581 596 4671 plicat
636 4582 976 4674 Quaestor,
1048 4601 1123 4656 at
1206 4592 1485 4658 alterius
1547 4594 1612 4705 Q
1684 4593 1897 4659 sensus
1982 4615 2139 4660 cum
2185 4593 2689 4681 intempestivos
2734 4592 2861 4655 hos
2901 4595 3317 4672 conjectores
3369 4593 3502 4657 suis

378 4680 819 4763 reconditus,
870 4696 940 4750 et
985 4685 1105 4753 nbi
1144 4689 1422 4758 demum
1481 4693 1598 4759 uni
1677 4710 1902 4784 reper-
1966 4693 2279 4781 *ipsorum
2324 4691 2589 4781 poss‘um
2632 4687 2863 4758 ver-bis
2917 4686 3246 4759 refutare.
3343 4690 3501 4760 Non
