4175 5450
1485 630 2362 750 coauvmcm.

362 849 552 918 Συλε
582 892 602 924 ,
652 845 722 909 in
774 862 844 908 eo
889 850 1096 908 autem
1146 840 1443 931 insculpta
1500 841 1689 927 fuere
1747 844 1881 907 tria

3359 663 3491 735 ¹95

1953 844 2147 928 paeis
2190 835 2667 915 adstituuntur,
2717 840 3054 925 pertinent
3101 846 3191 908 ad
3256 839 3485 914 Fausti

355 943 660 1030 tr'opaea,
713 949 788 1007 ut
831 944 898 1005 in
963 939 1191 1004 annulo
1234 937 1463 1004 Sullae.
1564 941 1699 1016 At,
1783 940 1889 1002 in·
1953 951 2358 1025 auguratum
2407 935 2610 1020 supra
2660 956 2744 999 ex
2788 937 3014 1002 Dione
3052 942 3424 1024 adlertum‘.
3485 955 3490 966 '

357 1044 602 1130 quies,
653 1037 1015 1101 secundum
1087 1055 1212 1114 ea,
1263 1055 1440 1120 quae
1513 1034 1714 1121 supra
1794 1054 1881 1098 ex

352 1135 724 1204 Plutarcho
769 1135 1164 1210 docuimus„
1248 1133 1317 1196 in
1396 1134 1529 1198 hoc
1585 1131 1878 1217 scalptus

356 1247 508 1300 erat
547 1234 860 1297 Bocchus
892 1230 1285 1318 Iugurtham
1319 1232 1621 1296 tradens·
1723 1228 1880 1291 Non

351 1331 663 1405 inficior;
716 1348 951 1393 verum
996 1329 1179 1392 idem
1211 1327 1619 1393 Plutarchus
1668 1325 1879 1389 etiam

314 1475 319 1480 -
347 1428 664 1513 PompeJi
696 1427 1001 1513 tropaeis
1031 1424 1466 1511 adversatur,
1520 1425 1637 1508 qui
1670 1440 1878 1486 annu-

349 1523 423 1589 lo
457 1525 789 1609 Pompejo
812 1518 1438 1588 exanimidetrac‘to
1477 1522 1882 1603 insculptum

350 1618 547 1683 fuiss'e
585 1623 681 1682 ait
724 1620 1039 1698 leonem,
1095 1621 1213 1704 qui
1279 1619 1494 1683 ensem
1550 1628 1759 1682 tenet.
1814 1611 1879 1694 ⁸)

350 1716 456 1779 Ex
505 1715 751 1799 quibus
781 1711 1202 1794 testimonii8‚
1255 1715 1297 1778 fi
1329 1717 1536 1780 modo
1579 1709 1876 1778 non'fal·

345 1811 429 1876 lrt
510 1811 834 1874 alteruter
896 1826 1141 1876 auctor
1176 1858 1196 1888 ‚
1247 1811 1418 1876 istud
1516 1824 1823 1874 tenemus
1860 1851 1881 1885 ‚

347 1921 417 1974 et
467 1908 698 1972 Sullae
736 1955 756 1984 ‚
810 1918 878 1970 et
920 1907 1253 1994 Pompeio
1292 1909 1489 1974 binos
1526 1907 1703 1972 varii
1766 1923 1882 1969 ar-

349 2001 652 2092 gumenti
695 2002 887 2067 fuiss'e
928 2005 1254 2080 annulos,
1309 2019 1380 2068 ut
1429 2001 1722 2090 Augusto
1758 2019 1882 2087 per

344 2100 714 2166 intervalla
744 2097 932 2162 fuere
970 2115 1109 2165 tres
1154 2100 1312 2165 teste
1358 2102 1729 2174 Suetonio,
1785 2109 1883 2161 at-

352 2219 482 2283 que
519 2199 619 2260 uti
660 2198 797 2258 tria
828 2207 1119 2281 tropaea
1160 2200 1226 2259 in
1264 2198 1595 2282 Pompejo
1645 2208 1884 2257 notare

351 2296 675 2390 V-identur
710 2295 852 2372 ejus
908 2291 1239 2355 victorias
1309 2313 1432 2376 per
1490 2306 1626 2354 tres
1697 2291 1885 2353 orbis

354 2402 591 2477 partes
629 2387 922 2464 relatae,
992 2387 1073 2448 [ic
1137 2387 1380 2449 eadem
1448 2404 1733 2447 numero
1818 2386 1885 2444 in

358 2485 550 2550 Sulla
591 2483 894 2546 indicare
955 2494 1092 2546 tres
1179 2484 1322 2563 ejus
1386 2482 1473 2544 de
1548 2477 1888 2542 Archelao

359 2582 690 2648 victorias
735 2578 825 2641 ad
902 2577 1422 2655 Chaeroneam,
1496 2576 1878 2650 Thurium‚

358 2680 911 2754 Orchomenum,
963 2696 1354 2762 quanquam
1416 2675 1621 2737 etiam
1706 2672 1878 2735 indi·

355 2779 500 2842 cari
543 2774 804 2860 poss'unt
837 2786 1130 2858 tropaea
1169 2774 1234 2835 in
1298 2772 1527 2835 Sullae
1588 2769 1879 2855 gratiam

352 2874 426 2937 in
465 2870 813 2956 Capitolio
850 2873 1193 2944 dedicata,
1246 2871 1330 2931 de
1373 2868 1616 2953 quibus
1651 2877 1876 2931 actum

354 2970 598 3054 supra,
650 2978 717 3029 et
780 2987 956 3051 quae
998 2978 1459 3029 memorantur
1509 2963 1731 3026 adhuc
1801 2964 1869 3025 in

354 3064 597 3130 tabula
633 3080 847 3126 aenea
886 3064 1193 3127 honestae
1228 3062 1559 3125 missionis
1596 3059 1705 3121 sub
1730 3058 1869 3121 Do-

350 3163 679 3226 mitiano:
734 3159 1080 3233 ROMAE.
1164 3159 1276 3224 IN.
1343 3155 1868 3221 CAPITOLIO.

353 3256 615 3322 POST.
644 3254 1101 3319 TROPAEA.
1139 3258 1376 3319 edente
1415 3254 1497 3316 cl.
1537 3250 1865 3331 Caietano

2049 1034 2336 1098 Denarii
2393 1031 2708 1117 postremi
2741 1049 3209 1117 argumentum
3241 1040 3486 1109 iterum

1954 1134 2476 1215 Havercampus
2530 1130 2976 1193 Vaillantium
3064 1134 3325 1202 secutus
3402 1139 3494 1204 ad

1952 1229 2356 1314 Pompeium
2410 1239 2694 1292 revocat
2715 1255 2747 1304 ι,
2845 1238 2914 1290 et
2969 1231 3196 1314 capite
3267 1233 3488 1299 leonis

1953 1326 2221 1393 exuviis
2259 1334 2443 1387 tecto
2466 1328 2677 1409 partis
2714 1324 2983 1388 anticae
3020 1327 3323 1393 exhiberi
3357 1352 3479 1417 pu-

1950 1438 2056 1489 tat
2101 1421 2569 1486 Alexandrum
2610 1422 2705 1485 M.
2732 1467 2753 1497 ‚
2805 1433 2871 1484 et
2911 1424 3335 1511 quidem'sme
3362 1427 3475 1494 aa.

1951 1526 2055 1592 bio
2091 1529 2154 1586 et
2181 1516 2417 1584 conati-r
2455 1520 2588 1604 ejus
2620 1521 2796 1602 regis
2831 1522 3075 1596 nantis,
3129 1522 3235 1584 cui
3278 1543 3472 1607 prae·

1953 1632 2109 1687 unte
2145 1616 2514 1681 Plutarcho
2550 1615 2777 1679 similis
2807 1614 3080 1679 habitus
3104 1614 3234 1680 fuit
3274 1620 3476 1684 Pom-

1951 1720 2169 1806 pejus.
2273 1712 2588 1796 Quatuor
2634 1729 2924 1776 coronas
2976 1714 3160 1809 capit
3194 1714 3278 1777 de
3319 1717 3480 1781 toti·
3608 1751 3614 1762 ·

1954 1819 2112 1881 dem
2151 1811 2513 1898 triumphis
2554 1831 2639 1875 ex
2677 1809 2986 1872 victoriis
3022 1829 3145 1894 per
3193 1821 3330 1876 tres
3374 1833 3512 1877 or·-

1958 1914 2063 1978 bis
2104 1909 2357 1996 partes}
2412 1919 2478 1974 et
2506 1907 2800 1972 victoria
2823 1906 3238 1990 praedonum
3284 1911 3482 1976 actis.

1962 2010 2170 2093 Quod
2247 2007 2359 2070 hic
2412 2018 2556 2070 tam
2634 1997 3048 2067 confidenter
3119 2003 3442 2069 adfirmat
3470 2051 3491 2084 ,

1962 2106 2218 2170 rursum
2287 2102 2470 2169 infra
2528 2101 2794 2176 elevat,
2859 2096 2921 2177 ⁶)
2995 2098 3111 2162 ubi
3171 2102 3238 2165 in
3300 2101 3498 2181 hujuo

1960 2205 2150 2267 numi
2184 2203 2408 2287 capite
2443 2201 2671 2284 potius
2726 2194 2917 2258 videt
2969 2195 3334 2284 Augustum
3400 2201 3494 2261 A·

1971 2300 2283 2363 lexandri
2343 2300 2453 2361 vel
2484 2292 2793 2362 Herculis
2833 2290 3093 2379 specie,
3170 2309 3236 2359 et
3302 2313 3502 2359 coros

1970 2413 2094 2455 nas
2136 2396 2226 2454 ad
2271 2396 2445 2456 hunc
2500 2397 2714 2477 ipluni·
2758 2391 3242 2476 imperatorem
3293 2393 3503 2477 perti-

1968 2507 2127 2550 nere
2167 2488 2435 2552 adserit.
2539 2483 2728 2547 Vah!
2782 2486 2898 2546 ubi
2952 2508 3122 2549 nunc
3170 2489 3282 2548 ille
3337 2490 3494 2550 Ale.

1962 2583 2225 2648 xander
2255 2605 2344 2647 ex
2381 2588 2520 2668 ejus
2567 2579 2764 2665 ipfius
2825 2585 3041 2645 nurnis
3091 2595 3231 2646 tam
3288 2583 3500 2645 conli-

1963 2682 2202 2745 denter
2245 2679 2596 2744 adfer-tus?
2662 2676 2921 2741 Siccine
2965 2680 3069 2741 vir
3105 2679 3320 2742 bonus
3357 2692 3500 2745 tam

1960 2776 2169 2841 facile
2198 2780 2666 2842 vadimonium
2727 2773 2968 2837 deserit
3048 2788 3240 2841 tanto
3305 2779 3494 2861 prius

1962 2875 2153 2939 hiatu
2183 2872 2604 2961 constitutum
2640 2875 2670 2934 ’.Ρ
2773 2868 3148 2936 Credamus
3183 2893 3342 2957 ergo
3372 2893 3492 2958 po-

1953 2972 2130 3046 tius,
2187 2976 2478 3055 proponi
2518 2978 2723 3054 caput
2781 2968 3091 3031 Herculis
3155 2972 3421 3051 juvenis
3466 3017 3491 3049 ,

1955 3068 2141 3151 quod
2184 3069 2426 3157 eodem
2469 3070 2746 3132 omnino
2791 3065 2974 3127 cultu
3031 3065 3244 3128 existit
3292 3065 3478 3150 apud

1954 3163 2346 3247 Motellium
2387 3168 2452 3229 in
2492 3181 2695 3227 numo
2735 3159 2819 3221 11.
2867 3166 3079 3242 gentis
3121 3161 3431 3245 Voltejae
3459 3213 3480 3242 ,

1953 3280 2037 3322 ex
2071 3256 2473 3348 quacunque
2509 3260 2708 3324 causa
2752 3256 2923 3319 illud
2975 3255 3253 3324 Faustus
3334 3282 3494 3329 mo·

356 3354 660 3419 Marino.
714 3342 778 3435 ¹’)
877 3350 1124 3416 Guttus
1164 3364 1235 3415 et
1284 3352 1530 3425 lituus,
1586 3350 1704 3430 qui
1732 3362 1869 3413 tro·
1949 3340 2156 3420 netad
2186 3359 2508 3425 imulerit,

1362 3660 2498 3808 coRNVFICjA.

392 4058 401 4067 ·
452 4025 633 4092 Gens
665 4022 961 4108 plebeia.

649 4123 851 4208 Caput
892 4121 1247 4189 Ammonis.

358 4216 442 4300 Q.
508 4216 1415 4284 CORNvF101.·AvGVR.
1478 4207 1671 4284 ῙΜΡ.
1754 4218 1884 4287 Vir

352 4314 593 4379 velatus
634 4326 693 4377 et
740 4325 1002 4401 togatus
1026 4320 1195 4393 stans
1249 4317 1312 4381 d.
1358 4317 1577 4381 lituum
1616 4336 1878 4384 corona·

355 4417 467 4474 tur
518 4411 601 4474 ab
635 4412 905 4497 afflante
944 4416 1185 4480 Iunone
1221 4414 1459 4502 Sispita
1490 4416 1552 4500 s.
1612 4417 1880 4501 clypeum

428 4621 493 4688 a)
520 4620 581 4672 in
615 4618 819 4692 Pomp.
857 4620 953 4676 sub
990 4621 1090 4687 fla.

1208 4638 1217 4643 ·
1281 4622 1341 4693 b)
1380 4624 1577 4690 Giorn,
1612 4623 1672 4679 di
1707 4621 1832 4678 rita
1866 4624 1940 4687 Τ.
1977 4624 2148 4680 XIV.
2179 4644 2239 4698 p.
2278 4639 2396 4699 291.

1960 4028 2149 4093 ancili
2168 4028 2422 4120 fimi-'em
2446 4079 2463 4105 ,
2518 4029 2618 4095 cnr·
2642 4026 2886 4094 avicula
2922 4025 3132 4119 inficiet
3150 4080 3171 4110 ‚
3224 4041 3479 4100 tenente.

1958 4130 2107 4190 AV.
2162 4130 2530 4213 (Raudelot
2577 4122 2750 4196 Hist.
2796 4128 2873 4190 B.
2923 4127 3001 4192 L.
3066 4128 3151 4192 T.
3211 4130 3331 4193 111.
3407 4152 3472 4218 p.

1970 4220 2171 4306 187.)
2227 4224 2494 4288 RRRR.
2601 4223 2744 4286 AR.-
2795 4223 2939 4285 ΒΗ.
3081 4252 3088 4261 ·

2255 4324 2550 4386 Protome
2582 4320 2897 4384 muliebris
2920 4318 3221 4404 elephanti
3240 4324 3485 4389 exuviis

2255 4427 2411 4483 tecta
2447 4467 2466 4494 ‚
2510 4438 2671 4504 pone
2714 4420 2835 4480 duo
2873 4419 3114 4502 jacula.

2589 4632 2637 4701 c)
2671 4645 2802 4729 pa-g.
2844 4642 3002 4770 43⁵0}
3056 4721 3098 4770 ¹
