4175 5450
1678 82 2201 202 Roscia.
3353 116 3507 187 293.

388 307 519 376 que
561 279 853 352 Lanuvii
883 297 1083 352 natus
1113 283 1262 356 fuit.
1358 286 1466 353 De
1519 288 1768 353 Roscio
1829 285 1900 349 in
1979 288 2300 353 Rosciam
2347 269 2768 354 Fabatorum
2826 296 3088 377 gentem
3164 281 3491 361 Lanuvio

386 386 627 452 eadem
666 386 832 448 urbe
870 398 1033 448 nato
1064 385 1237 449 haec
1273 383 1558 449 Cicero:
1611 374 1678 467 b)
1734 379 1903 469 Quid
1951 382 2171 448 ‘fuisse
2201 385 2582 452 oriundam.
2681 387 2821 450 Dio
2862 387 3125 474 legatos
3184 410 3228 454 a
3283 392 3483 455 Pom·

384 501 668 559 amores,
720 502 794 546 ac
821 483 1238 556 deliciantem
1269 481 1579 568 Roscius?
1621 485 1903 545 namant
1978 484 2135 566 pejo
2177 483 2268 544 ad
2307 479 2664 546 Caesarem
2730 483 2954 547 miss'os
3041 485 3350 570 perhibet
3406 490 3485 556 L.

379 578 545 664 ipse,
599 586 714 643 aut
739 599 864 663 pro
914 597 981 642 eo
1020 578 1372 654 Lanuvium
1407 588 1605 645 totum
1646 577 1899 641 mentie-
1981 574 2378 656 Caesarem,
2432 589 2500 641 et
2551 578 2632 647 L.
2664 578 3018 659 Roscium,
3067 580 3128 664 ο)
3180 595 3254 646 at
3295 582 3484 651 Cice.

385 673 630 740 batur?
676 678 953 760 quicum
987 673 1121 763 effet
1151 678 1219 746 ἐκ
1251 675 1571 741 cunabulis
1598 721 1619 751 ,
1670 673 1894 738 educa-
1976 690 2056 735 το
2093 671 2175 736 L.
2218 672 2614 750 Caesarem,
2668 687 2737 738 et
2794 665 3133 740 Fabatum
3159 726 3180 757 ,
3234 672 3296 764 θ)
3362 680 3482 746 ha·

381 779 678 856 returque
712 773 781 835 in
820 769 1077 836 Solonio
1098 819 1116 850 ,
1168 774 1279 859 qui
1318 773 1392 860 est
1424 791 1681 855 campus
1742 768 1897 851 agri
1976 767 2215 836 bemus
2255 789 2415 855 ergo
2453 769 2833 856 legatorum
2881 771 3166 837 alterum
3221 777 3297 839 L.
3347 779 3482 843 Ro·

380 865 738 944 Lanuvini,
786 877 971 932 noctu
1007 866 1229 933 hmine
1290 868 1563 956 adposito
1601 882 1894 951 experre-
1972 863 2178 928 scium
2230 865 2604 950 Fabatum,
2683 866 2863 931 forte
2945 864 3159 931 filium
3218 876 3358 955 ejus
3382 874 3480 939 L.

378 973 486 1032 eta
514 967 745 1030 nutrix
773 962 1217 1030 animadvertit
1254 985 1519 1051 puerum
1589 961 1898 1029 domien·
1972 961 2200 1026 Roscii
2233 960 2483 1029 Fabati
2510 1012 2538 1048 ,
2585 982 2633 1026 a
2678 981 2815 1048 quo
2849 963 3230 1051 praesentes
3277 970 3480 1034 dena·

380 1069 504 1124 tem
581 1062 1101 1146 circumiit-alum
1170 1061 1480 1150 serpentis
1574 1057 1892 1144 amplexu.
1970 1056 2055 1120 rii
2098 1057 2252 1125 cufi.

386 1155 528 1243 Quo
575 1157 817 1242 aspectu
870 1160 1183 1223 exterrita
1258 1159 1582 1226 clamorem
1623 1153 1890 1244 sustulit.

373 1254 580 1320 Pater
602 1261 808 1319 autem
853 1254 1056 1339 Rufi-ii
1092 1255 1180 1320 ad
1226 1254 1570 1345 haruspices
1636 1253 1852 1318 retulit
1867 1298 1891 1331 ‚

373 1352 486 1437 qut·
513 1349 990 1437 responderunt,
1038 1349 1197 1416 nihi!
1236 1345 1334 1418 mo‘
1372 1373 1572 1439 puero
1611 1351 1844 1417 clarius
1866 1395 1888 1427 .

371 1444 535 1511 nihil
556 1444 829 1513 nobilius
846 1445 1024 1535 fore.
1136 1443 1353 1513 Video
1393 1449 1696 1513 eruditos
1738 1466 1884 1510 om-

371 1562 538 1622 nes,
589 1545 806 1627 quiin
863 1543 992 1607 hos
1047 1544 1271 1612 Roscii
1339 1544 1590 1611 Fabati
1640 1562 1885 1609 numos

371 1638 521 1704 sunt
557 1641 1021 1718 commentati,
1070 1640 1245 1705 haec
1283 1640 1633 1708 Ciceronis
1667 1641 1888 1706 verba

372 1735 466 1802 ad
503 1747 769 1820 gentem
803 1734 1093 1799 nostram
1136 1738 1449 1802 Rosciam
1492 1736 1883 1802 muneribus

372 1828 669 1917 publicis
698 1833 768 1894 in
800 1830 966 1893 urbe
1004 1832 1435 1918 conspicuam
1464 1833 1745 1911 referre,
1784 1845 1886 1896 at·

373 1945 508 2012 que
542 1946 628 1989 ex
660 1925 742 1991 iis
774 1925 1115 2011 probare,
1163 1928 1450 1991 Roscios
1512 1927 1703 1993 fuisse
1752 1930 1883 1992 La·

367 2023 583 2085 nuvio
619 2023 969 2105 oriundos,
1020 2037 1089 2088 et
1114 2022 1274 2088 satis
1310 2025 1542 2087 mirari
1578 2043 1710 2088 non
1739 2025 1884 2112 pos-

367 2119 513 2182 sum
537 2165 558 2196 ,
612 2138 749 2203 qua
788 2121 1057 2185 ratione
1088 2122 1388 2207 potuerit
1419 2120 1722 2184 adserere
1759 2124 1886 2187 Vr·

366 2214 579 2290 sinus,
631 2225 1082 2280 memoratum
1117 2213 1284 2279 istud
1314 2216 1691 2303 serpentum
1723 2237 1880 2304 pro-

366 2311 623 2396 digium
659 2310 730 2375 in
778 2309 1025 2376 Roscio
1095 2310 1415 2391 Fabato,
1496 2316 1681 2395 cujus
1736 2313 1884 2378 sunt

361 2405 746 2491 praesentes
785 2406 1087 2486 denarii,
1137 2408 1503 2494 contigisse.
1610 2409 1880 2475 Etenim

365 2519 520 2568 cum
555 2500 797 2567 Cicero
864 2506 1080 2591 magis
1133 2504 1318 2569 infra
1371 2502 1637 2569 stultum
1708 2503 1880 2572 istud

358 2595 754 2689 prodigium
784 2644 812 2679 ,
880 2600 1441 2687 haruspicumque
1496 2600 1878 2689 responsum

360 2699 471 2763 his
521 2695 750 2762 verbis
788 2696 1105 2765 irrideat:
1157 2719 1304 2766 nam
1332 2698 1503 2786 quod
1529 2696 1881 2787 haruspices

361 2791 1055 2976 zasif'ffssw‘atff
1094 2794 1912 2958 ii'ss'dfiss‘ffitffi‘z’ff

362 2936 766 3051 smmm’
776 2987 1009 3073 suem
1030 2939 1384 3053 'caritatem
1409 2984 1728 3076 ostenaaffi,
1743 2987 1877 3052 uat-

362 3082 487 3148 lam
525 3079 821 3172 ‹fiendaffl
847 3081 1205 3170 Africano,
1256 3069 1325 3165 b)
1383 3082 1537 3167 quis
1587 3101 1728 3146 non
1779 3082 1877 3146 vi-

362 3177 517 3257 det,
564 3184 702 3241 non
745 3177 855 3264 agi
892 3179 1005 3244 hic
1043 3180 1130 3243 de
1180 3174 1405 3243 nostro
1478 3177 1560 3242 L.
1629 3178 1876 3243 Roscio

357 3273 632 3338 Fabato
662 3319 684 3351 ,
728 3273 840 3337 sed
875 3274 966 3359 Q.
994 3274 1237 3340 Roscio
1273 3272 1590 3339 histrione
1622 3276 1689 3338 in
1709 3294 1877 3362 pau-

360 3372 459 3435 cis
498 3371 688 3435 claro
708 3416 743 3453 ,
789 3371 901 3435 cui
938 3390 1024 3436 ex
1074 3371 1266 3436 facto
1302 3370 1586 3438 Comoedi
1623 3392 1873 3458 coguo-

354 3488 515 3533 men
541 3466 873 3546 inditum,
923 3487 1261 3553 quemque
1296 3466 1540 3533 Cicero
1581 3489 1770 3533 reum
1802 3488 1873 3531 o·

357 3566 669 3648 ratione,
717 3566 906 3646 cujus
951 3584 1111 3652 pars
1171 3562 1425 3642 exstat,
1512 3563 1875 3630 defendit?

358 3660 627 3727 Tamen
681 3660 927 3724 horum
986 3660 1139 3748 typi
1206 3658 1686 3740 denariorum,
1759 3663 1875 3746 qui

357 3744 698 3821 Lanuvini
736 3758 864 3822 toti
898 3755 1082 3837 sunt,
1155 3756 1601 3846 persuadent,
1662 3757 1877 3822 etiam

428 4023 483 4085 a)
521 4022 593 4077 de
630 4006 980 4080 Diuinath.
1019 4025 1065 4078 1.
1104 4045 1153 4090 c,
1187 4029 1278 4096 36.

357 4094 522 4148 Attie.
557 4093 623 4148 Ι..
661 4095 821 4161 VIII.
857 4111 950 4169 ep.
983 4111 1072 4167 ῃ.
1333 4095 1387 4164 ο)
1423 4093 1567 4152 Fan.
1607 4095 1709 4161 vl,
1746 4113 1798 4151 v.
1834 4097 1924 4151 6⁰.

214 4239 217 4243 .
363 4171 488 4217 tem.

1471 4023 1533 4089 b)
1569 4002 1641 4077 de
1676 4024 1926 4078 Divinat.

2065 1157 2176 1219 Ad
2212 1156 2391 1220 hunc
2417 1154 2655 1220 locum.
2682 1149 2939 1241 distuli,
3012 1177 3190 1242 quae
3237 1161 3324 1224 de
3375 1161 3482 1226 Iu-

1965 1268 2144 1315 none
2184 1251 2360 1336 hac,
2407 1271 2547 1317 non
2594 1252 2889 1318 Lanuvii
2937 1257 3183 1333 modo,
3252 1255 3365 1321 sed
3411 1270 3483 1323 et

1963 1348 2035 1411 in
2078 1347 2247 1413 urbe
2280 1350 2511 1434 magni
2548 1348 2891 1427 nominis,
2933 1352 3081 1432 jam
3122 1353 3213 1415 ad
3243 1353 3479 1418 varios

1963 1446 2264 1531 gentium
2296 1448 2843 1530 praecedentium
2888 1464 3132 1509 numos
3175 1448 3480 1514 animad-

1962 1542 2293 1606 vertenda
2317 1541 2526 1606 fuere.
2627 1541 3478 1624 Innumerasuntveterum

1964 1649 2344 1718 auctorum,
2397 1647 2517 1703 aut
2554 1650 3144 1701 monumentorum
3186 1636 3478 1705 testimo·

1957 1737 2076 1799 nia
2102 1782 2123 1812 ‚
2177 1755 2355 1820 quae
2394 1730 2755 1798 stabilitum
2795 1734 3092 1799 Lanuvii
3125 1738 3264 1818 ejus
3306 1737 3485 1802 deae

1961 1831 2218 1894 cultum
2251 1832 2623 1894 memoriae
2657 1832 3041 1915 prodidere.
3141 1831 3275 1896 Sed
3312 1829 3480 1898 fecit

1963 1924 2281 1989 adfinitas
2325 1927 2676 1989 nominum
2708 1928 3014 2007 Lanuvii,
3064 1939 3133 1990 et
3184 1927 3476 2012 Lavinis,

1961 2033 2036 2085 ut
2069 2041 2205 2085 non
2250 2020 2515 2084 librarii
2554 2023 2798 2101 modo,
2861 2024 2971 2086 sed
3028 2023 3145 2109 ipsi
3204 2045 3485 2109 quoque·

1961 2130 2276 2182 auctores
2344 2116 2711 2181 Lavinium
2764 2139 2890 2206 pro
2962 2118 3277 2184 Lanuvio
3343 2120 3477 2187 five

1964 2234 2085 2300 per
2136 2214 2665 2300 imprudentiam
2695 2260 2720 2292 ,
2805 2215 2940 2279 live
3017 2217 3475 2301 ignorantiam

1959 2311 2343 2375 scriberent.
2441 2309 2699 2394 Lapsus
2734 2330 2779 2374 a
2809 2310 3133 2395 Dionysio
3167 2312 3474 2379 Halicar-

1958 2406 2344 2474 nassensiet
2397 2405 2686 2472 Aeliano
2767 2408 3086 2473 admissos
3136 2407 3336 2495 supra
3402 2411 3479 2477 ἐπ’

1959 2516 2155 2593 gente
2191 2503 2410 2588 Papia
2457 2500 2985 2588 perstrinximuS.
3127 2504 3474 2571 Librario-

1956 2619 2109 2665 rum
2138 2610 2427 2685 peccata
2463 2602 2602 2680 jam
2641 2600 2731 2664 ab
2771 2601 2924 2666 aliis
2970 2600 3332 2666 observata
3373 2623 3472 2667 re-

1957 2696 2159 2788 perio
2205 2696 2392 2782 apud
2449 2695 2816 2763 Ovidium:
2891 2696 2955 2779 ⁶)
3024 2698 3474 2788 Laviniumque

1953 2815 2195 2872 meum,
2245 2806 2315 2857 et
2349 2794 2537 2879 apud
2599 2792 2876 2861 Silium:
2927 2784 2988 2879 f)
3038 2797 3308 2864 Lavinio
3351 2819 3467 2884 ge·

1953 2899 2209 2968 mate,
2262 2890 2370 2953 cui
2404 2890 2685 2954 lectioni
2747 2902 3023 2976 praeter
3070 2902 3470 2978 argumenta

1957 2986 2102 3049 alia
2148 2984 2306 3048 satis
2354 2978 2634 3068 cognita
2689 2986 3024 3050 reclamat
3078 2988 3285 3050 etiam
3354 2990 3470 3055 lex

1957 3082 2201 3156 metri,
2252 3097 2405 3143 cum
2463 3082 2532 3144 in
2575 3079 2918 3145 vocabulo
2997 3082 3329 3147 Lavinium
3361 3084 3465 3149 se.

1959 3177 2184 3241 cunda
2222 3174 2485 3258 syllaba
2519 3188 2703 3240 certo
2739 3178 3183 3262 producatur.

2060 3271 2287 3356 Quam
2318 3284 2630 3337 auctores
2670 3273 2917 3357 passim
2971 3275 3202 3339 dixere
3255 3276 3472 3365 Sospi-

1953 3381 2129 3448 tam,
2182 3371 2369 3432 numi
2409 3369 2782 3448 Antonini,
2835 3383 2904 3436 et
2941 3369 3305 3438 Commodi
3344 3396 3469 3462 ap-

1953 3467 2217 3555 pellant
2246 3465 2566 3554 Sispitam.
2669 3465 2941 3531 Certum
2976 3481 3228 3548 tamen,
3282 3472 3481 3537 valu-¹

1955 3565 2074 3629 iss'e
2106 3575 2460 3647 utramque
2490 3563 3045 3649 appellationem.
3128 3567 3253 3633 .Ita
3289 3587 3470 3631 nem-

1956 3681 2045 3748 pe
2083 3656 2349 3725 Festus:
2404 3657 2467 3741 ε)
2535 3660 2820 3750 Sispitem
2865 3652 3204 3740 Iunonem,
3287 3684 3472 3751 quam

1957 3756 2151 3845 vulgo
2177 3755 2481 3845 Sospitam
2521 3756 2826 3844 appellant
2839 3804 2860 3837 ,
2911 3781 3047 3827 cum
3089 3780 3160 3825 ea
3208 3780 3337 3827 vox
3395 3783 3479 3833 ex.

3108 4106 3169 4173 g)
3198 4104 3255 4157 in
3294 4034 3482 4179 dgigil·

1963 4024 2034 4090 1..
2072 4025 2148 4080 11.
2186 4042 2236 4084 e.
2270 4042 2362 4094 3¹·

2190 4094 2235 4161 ἣ
2267 4095 2315 4149 1.
2388 4029 2604 4151 ΠΗἰὴ
2645 4028 2708 4082 1..
2744 4030 2901 4093 xm,
2937 4033 2970 4102 ς
3001 4050 3060 4104 5,

2614 4116 2664 4151 v·
2723 4101 2847 4168 364.
