4175 5450
1014 579 1192 713 An
1292 628 1763 713 Nvmos
1862 630 2802 719 FAMILIARVM.
3384 628 3497 749 σι]

340 833 649 923 Quaestor
714 834 868 901 AD
949 826 1405 905 FRvme'ntum
1428 836 1861 919 EMvndum,
2039 839 2309 906 LENT.
2367 837 2574 910 cvR.
2624 844 2709 914 x.
2769 842 2850 909 F.
2915 842 3058 912 Ex.
3124 843 3190 909 s.
3253 842 3330 914 c
3395 845 3471 913 id

340 930 797 1018 Calpurniae,
851 933 1213 1015 Serviliae
1946 932 2090 1001 est:
2167 935 2503 1004 CVRator
2569 939 2975 1007 denariorum
3050 942 3108 1007 F
3108 940 3468 1019 landarum.

433 1029 519 1097 L.
558 1030 881 1094 MANLI.
914 1032 1120 1097 PRO.
1176 1033 1265 1115 Q.
1318 1033 1394 1095 id
1443 1028 1570 1097 est.
1647 1030 1861 1098 PRO·
1948 1028 2333 1098 Corneliae.

340 1123 683 1213 Quaestor,
731 1140 801 1190 et
842 1125 982 1191 fic
962 1149 1033 1192 m
1066 1129 1397 1216 pluribus·
2042 1127 2487 1196 111v1R.ve1
2524 1131 2837 1199 1111v1R
2883 1133 2973 1196 A.
3008 1137 3095 1198 A.
3132 1137 3215 1208 A,
3263 1136 3339 1199 F.
3380 1130 3466 1206 F.

430 1221 514 1284 L.
561 1220 827 1288 GELL.
863 1224 948 1306 Q.
979 1226 1055 1293 P.
1097 1222 1384 1289 Gelliae.
1403 1225 1623 1295 -M.
1646 1222 1860 1289 NER·
1941 1246 2189 1312 nempe
2231 1226 2515 1305 IIIviri
2573 1229 2687 1293 vel
2730 1229 2998 1294 IIIIviri
3044 1220 3461 1318 monetaleS,

335 1317 486 1381 VA.
541 1318 815 1402 PROQ.
871 1322 949 1384 P.
996 1322 1326 1387 Liciniae.
1390 1357 1490 1374 -—-
1599 1323 1708 1389 M.
1751 1320 1856 1385 SI·
1941 1323 2027 1387 de
2065 1322 2310 1407 quibus
2360 1324 2585 1407 capite
2636 1325 2966 1411 sequente.

333 1411 657 1480 LANVS.
715 1414 929 1483 AVG.
984 1418 1071 1500 Q.
1140 1415 1522 1483 PROCOS.
1594 1418 1852 1482 Iuniae.
2034 1420 2162 1483 His
2199 1420 2419 1497 adde,
2507 1421 2620 1484 etfi
2675 1421 3100 1511 magistratus
3153 1442 3289 1487 non
3335 1422 3409 1489 fit
3437 1441 3474 1486 .>
3594 1492 3612 1508 ‚

334 1510 512 1573 Vide
568 1511 797 1593 plures
845 1512 1128 1591 ssmiles,
1219 1532 1594 1600 eorumque
1639 1516 1855 1602 expli·
2033 1516 2224 1578 IMP.
2258 1466 2494 1579 titul’us
2533 1517 2806 1589 obvius,
2835 1554 2935 1569 -—
2982 1522 3175 1589 [MP.
3212 1521 3462 1591 ITER..

336 1606 684 1685 tationem
715 1611 789 1676 in
832 1607 1170 1691 Cocceia,
1224 1621 1294 1675 et
1337 1610 1530 1681 alibi.
1934 1610 2169 1692 Sulla,
2220 1611 2381 1678 Sex.
2415 1613 2801 1702 Pompeium

1342 2034 2404 2205 CAPVTIR

1186 2665 1291 2734 De
1329 2667 1663 2749 nmo-ts,
1712 2640 1793 2732 ιε’
1816 2662 2149 2732 IIIJviris
2190 2657 2626 2760 manualibus.

334 2935 500 3053 Qui
533 2954 787 3022 fuerint
812 2954 974 3020 inde
1007 2975 1053 3020 a
1088 2954 1328 3023 Servio
1358 2958 1635 3036 Tullio,
1707 2958 1854 3043 pri·
1943 2958 2162 3024 addat
2206 2957 2480 3043 quoque
2523 2951 2781 3042 argenti
2812 2963 2881 3017 et
2924 2955 3105 3036 aur-i,
3177 2956 3456 3041 quando

335 3061 603 3140 misque
665 3054 837 3136 reip.
900 3054 1327 3139 temporibus
1384 3058 1485 3120 rei
1548 3067 1856 3120 moneta·
1935 3054 2099 3121 teste
2135 3056 2356 3121 Plinio
2400 3066 2749 3141 argentum
2786 3051 3037 3115 nonnisi
3074 3056 3151 3118 V.
3171 3052 3262 3118 C.
3286 3068 3461 3140 485,

289 3189 307 3203 ·
334 3157 485 3220 riae
518 3147 898 3238 praefecti,
968 3162 1037 3213 et
1075 3170 1211 3235 quo
1261 3151 1683 3238 magistratus
1736 3173 1854 3217 no·
1940 3167 2008 3217 et
2062 3172 2302 3218 aurum
2367 3151 2583 3215 multo
2636 3150 2842 3214 serius
2901 3148 3140 3236 [ignari
3188 3154 3457 3236 coepit,

336 3252 561 3328 mine,
650 3247 1036 3312 memoriae
1124 3250 1472 3335 proditum
1537 3268 1691 3332 non·
1741 3247 1859 3314 est.
1936 3251 2274 3335 sequitur,
2323 3247 2784 3332 Pomponium
2825 3255 2946 3311 aut
2979 3247 3278 3311 locutum
3315 3235 3490 3332 προ.’

336 3346 638 3432 Quando
681 3341 958 3408 instituti
984 3342 1237 3409 fuerint
1279 3345 1514 3410 111viri
1552 3359 1856 3410 moneta·
1937 3351 2251 3430 ληπτικως
2286 3345 2602 3409 addendo
2642 3355 2999 3425 utrumqne
3048 3345 3279 3409 nobile
3322 3364 3462 3409 me-

333 3444 472 3522 les,
524 3443 849 3526 deinceps
890 3461 978 3504 ex
1014 3442 1235 3504 numia
1275 3441 1545 3505 abunde
1577 3443 1855 3527 cogniti,
1937 3444 2222 3520 talliam,
2273 3453 2392 3507 aut
2425 3440 2640 3503 latam
2675 3440 2952 3521 quidem
2983 3451 3127 3503 tum
3170 3461 3320 3504 eam
3363 3442 3459 3507 le·

335 3558 509 3603 unus
561 3548 904 3600 memorat
932 3536 1394 3624 Pomponius:
1440 3533 1505 3616 ⁸)
1555 3540 1861 3622 constituti
1937 3560 2118 3625 gem,
2141 3538 2254 3602 sed
2296 3537 2768 3600 executionem
2792 3534 3092 3619 spectato
3132 3556 3304 3601 auro
3350 3557 3468 3602 ar-

320 3634 476 3722 sunt
510 3631 715 3696 eodem
747 3640 1018 3714 tempore
1051 3671 1075 3684 ·
1124 3667 1160 3686 -
1205 3665 1237 3680 -
1287 3640 1345 3694 et
1370 3630 1622 3695 11Ιυίνὶ
1651 3651 1861 3696 mone-
1938 3646 2279 3718 gentoque
2321 3632 2630 3696 dilatam.

336 3728 498 3795 tates
530 3729 770 3808 ⁶aeri-⁵¹,
846 3731 1142 3814 argenti,
1214 3729 1361 3793 auri
1404 3726 1716 3811 flatores,
1799 3735 1860 3790 et
2035 3729 2448 3792 Illvirorum
2528 3722 2973 3788 monetalium
3034 3744 3158 3809 per
3225 3731 3470 3808 -jocum-

336 3827 591 3893 IIIviri
645 3820 977 3910 capitales,
1056 3825 1164 3909 qui
1212 3825 1479 3889 carceris
1530 3822 1861 3912 custodiam
1940 3825 2249 3888 meminit
2297 3821 2540 3885 Cicero
2589 3823 2662 3884 in
2714 3816 2996 3906 epistola
3054 3822 3142 3884 ad
3196 3824 3456 3890 Treba-
3531 3913 3540 3918 q

334 3921 635 3989 haberent
694 3930 806 3989 etc.
917 3920 1034 4002 Ex,
1089 3920 1433 3985 mentione
1497 3919 1859 4005 capitalium
1939 3921 2148 3985 tium.-
2183 3908 2244 3998 b)
2304 3920 2793 3986 Treviros'vites
2826 3917 3063 4002 κηρω-
3128 3920 3319 3985 audio
3351 3941 3462 3987 ca-

341 4022 553 4085 etiam
591 4030 894 4084 aetatem
926 4018 1375 4081 monetalium
1405 4014 1857 4101 adsequimur.
1930 4016 2166 4106 pitales
2204 4016 2344 4107 qffe,
2392 4013 2632 4082 mallem
2680 4036 2838 4080 auro
2860 4060 2879 4091 ,
2932 4033 3113 4094 aere,
3188 4029 3458 4103 argento

340 4119 462 4179 Ait
502 4117 743 4181 Livius
778 4116 851 4178 in
907 4114 1229 4199 Epitome
1283 4113 1443 4177 libri
1488 4113 1608 4183 XI.
1716 4116 1777 4182 T
1770 4118 1858 4180 ri-
1940 4114 2138 4207 effent.
2173 4135 2217 4179 ·.
2251 4113 2523 4198 Scripta
2574 4108 2662 4175 est
2712 4111 2886 4174 haec
2939 4109 3218 4198 epistola
3276 4118 3462 4180 circa

336 4216 569 4278 umviri
604 4210 901 4298 capitales
948 4220 1094 4275 tunc
1119 4212 1393 4294 primum
1443 4214 1637 4275 creata·
1669 4211 1859 4299 sunt,
1944 4232 2194 4277 annum
2239 4211 2324 4274 V.
2384 4208 2457 4275 C.
2499 4228 2678 4291 700,
2753 4226 2888 4290 quo
2937 4218 3245 4293 tempore
3271 4212 3457 4276 Tre-

341 4311 532 4393 quod
583 4309 825 4373 incidit
886 4308 1160 4371 circiter
1196 4308 1267 4370 in
1321 4326 1574 4370 annum
1639 4310 1729 4378 V.
1766 4308 1861 4374 Ὀ.
1941 4308 2169 4374 batius
2203 4308 2260 4371 1.
2310 4305 2664 4370 Caesarem
2702 4304 2987 4367 sectatus
3031 4325 3247 4391 prope
3291 4308 3457 4370 Tre·

343 4406 508 4485 465.
610 4406 682 4467 Si
731 4422 967 4469 verum
1010 4401 1139 4482 est,
1213 4405 1397 4489 quod
1449 4404 1533 4466 de
1589 4404 1857 4469 Illviris
1942 4407 2132 4472 viros
2174 4402 2442 4468 Galliae
2493 4401 2810 4486 Belgicae
2866 4393 3074 4480 stetst,
3144 4404 3319 4466 unde
3364 4404 3462 4468 lu·

341 4500 801 4563 monetalibus
886 4493 1097 4563 refert
1163 4500 1620 4584 Pomponiu8‚
1703 4522 1857 4567 cum
1940 4504 2044 4566 sus
2082 4504 2152 4565 in
2196 4520 2372 4595 voce
2415 4500 2662 4564 Treviri
2705 4496 2915 4560 sensus
2950 4497 3263 4581 duplicis.

413 4713 469 4771 a)
508 4705 579 4760 de
612 4706 761 4777 Orig.
792 4708 894 4774 jur.
931 4712 1039 4784 leg.
1072 4727 1121 4767 2.
1312 4713 1370 4781 b)
1408 4715 1477 4779 L.
1524 4718 1652 4772 VH.
1687 4737 1782 4791 ep.
1824 4737 1905 4789 ¹3·
