4175 5450
1078 591 1252 671 AD
1356 581 2839 711 NVMos·FAM1L1ARvM.

384 795 571 876 fusce
617 792 803 872 diei,
869 798 937 857 et
978 790 1502 880 ,Respicientem
1537 803 1574 872 ‚⁴
1637 792 1917 855 Fortem

382 888 900 975 Primigeniam.
999 890 1271 954 Addere
1290 900 1565 976 poterat
1596 885 1916 973 exempla

387 995 711 1062 externa,
763 985 1182 1069 Impietatis,
1235 998 1305 1050 et
1337 986 1699 1070 Nequitiae
1728 1001 1912 1061 aras,

387 1084 682 1158 Autem,-
732 1099 837 1145 και
880 1083 1318 1168 Παρανομιας,
1373 1099 1417 1144 a
1471 1078 1908 1145 Dicaearcho

382 1164 691 1260 quodam
731 1170 1002 1262 publice
1068 1190 1327 1241 erectas
1350 1220 1371 1257 ‚
1425 1182 1481 1255 ³)
1549 1175 1906 1242 Voracita-

381 1272 512 1350 tis,
563 1271 975 1355 Αδδηφαγιας
1023 1273 1094 1336 in
1129 1273 1365 1338 Sicilia
1410 1271 1788 1337 delubrum.
1836 1259 1904 1353 b)

385 1365 796 1455 Quanquam
835 1386 973 1432 non
1019 1370 1310 1433 deerant
1363 1368 1707 1434 veteribus
1762 1366 1902 1453 spe

383 1463 610 1528 ciosae
649 1464 934 1544 causae,
1000 1485 1179 1551 quae
1234 1462 1510 1530 instituti
1573 1463 1901 1527 insaniam

384 1558 803 1625 excusarent.
903 1559 1072 1625 Sunt
1123 1563 1310 1648 apud
1366 1558 1899 1624 Lacedaemoni·

387 1673 508 1732 οε,
561 1655 660 1719 ait
687 1655 1133 1736 Plutarchus,
1185 1655 1245 1739 ⁶)
1293 1678 1419 1723 non
1462 1658 1734 1722 Timoris
1761 1675 1899 1719 mo-

382 1748 510 1828 do,
561 1770 780 1817 verum
811 1755 1060 1819 Mortis
1102 1757 1320 1833 etiam,
1379 1753 1719 1841 Risnsque,
1792 1760 1898 1815 at-

380 1867 499 1935 que
572 1847 840 1914 aliorum
892 1850 1193 1936 ejusmodi
1245 1847 1573 1938 affectuum
1652 1846 1898 1934 templa.

392 1945 696 2008 Timorem
725 1954 929 2010 antem
979 1940 1399 2027 venerantur,
1479 1966 1606 2012 non
1682 1943 1896 2033 qnod,

364 2040 527 2126 siout
561 2060 718 2126 quos
760 2039 919 2107 alios
963 2040 1335 2130 deificantur
1373 2045 1640 2128 genioS,
1702 2042 1898 2107 noxi·

378 2155 487 2200 nm
510 2144 733 2220 putent
753 2183 774 2215 ,
808 2136 927 2224 sed
968 2138 1139 2223 quoa
1178 2159 1371 2224 remp.
1402 2139 1761 2226 cumprimis
1807 2139 1896 2201 ti-

381 2251 555 2295 more
637 2232 939 2297 contineri
1019 2233 1452 2302 arbitrantur.
1580 2233 1897 2300 Valerius

384 2325 737 2390 Maximus
763 2371 786 2405 ,
837 2347 974 2411 quo
1014 2326 1172 2391 loco
1201 2331 1338 2394 tria
1370 2328 1583 2391 Febri
1616 2330 1689 2391 in
1731 2328 1899 2392 urbe

388 2432 617 2486 erecta
659 2420 919 2504 templa
959 2434 1273 2498 enarrat,
1325 2423 1557 2498 addit,
1609 2442 1762 2486 eam
1808 2423 1903 2484 ad

382 2516 1013 2598 ‚minuanocendum
1033 2516 1306 2602 templis
1345 2517 1619 2580 cultam.
1670 2508 1735 2599 ¹¹)
1785 2516 1900 2580 Vi·

386 2614 472 2678 de
510 2609 751 2675 nmilia
780 2613 974 2698 apud
1018 2612 1334 2677 Plinium.
1383 2610 1444 2695 ²)
1543 2612 1679 2676 Sed
1716 2612 1902 2675 enim

386 2719 859 2795 argumentum
894 2706 1062 2773 istud
1090 2711 1159 2774 in
1190 2743 1193 2750 ⁴
1221 2707 1566 2795 prolixam
1605 2708 1899 2774 differta·

384 2805 643 2876 tionem
669 2797 911 2890 patens
948 2805 1076 2870 has
1115 2806 1765 2870 commentariorum
1784 2825 1900 2869 an·

386 2899 631 2987 gustias
671 2897 948 2965 fastidit.
1060 2901 1163 2965 En
1223 2901 1617 2987 catalogum
1668 2901 1899 2986 genio-

387 3016 535 3062 rum
574 3014 661 3058 ex
683 2997 902 3059 numia
924 2993 1344 3060 familiarum
1382 3009 1774 3062 contextum
1809 2997 1900 3062 se·

388 3092 684 3158 cundum
747 3092 1086 3178 triplicem
1169 3090 1608 3173 divisionem,
1695 3113 1905 3178 quam

382 3185 749 3277 proposui,
804 3188 920 3272 qui
957 3188 1273 3252 maximis
1314 3187 1527 3275 potest
1580 3189 1906 3255 accessio-

384 3284 586 3350 nibus
624 3283 893 3369 augeri,
943 3282 990 3345 fi
1038 3284 1333 3349 addatur
1362 3286 1715 3372 geniorum
1788 3307 1903 3373 ag-

385 3400 543 3443 men
572 3378 645 3441 in
697 3378 861 3442 serie
897 3377 1387 3464 imperatorum
1436 3381 1852 3466 propositum
1878 3429 1905 3462 ,

386 3474 501 3540 ted
546 3474 662 3558 qui
702 3472 847 3538 l'unt
880 3473 1160 3539 alterius
1204 3475 1362 3538 loci.

496 3662 677 3730 Gauii
691 3664 1041 3748 regionam,
1088 3617 1368 3745 arbium,
1407 3661 1810 3750 populorum.

484 3856 748 3946 Africa.
855 3851 1112 3917 Genius
1158 3853 1327 3922 stans
1415 3856 1590 3920 miro
1678 3854 1905 3937 cultu,

391 3954 631 4022 addito
676 3949 761 4016 G.
814 3950 897 4015 T.
957 3951 1046 4013 A.
1072 3996 1093 4029 ,
1142 3953 1256 4016 vel
1323 3964 1531 4038 caput
1576 3950 1908 4016 muliebre

383 4049 739 4137 ,elephanti
770 4046 1037 4114 exuviis
1093 4059 1348 4114 tectum
1375 4094 1397 4129 ,
1472 4049 1545 4112 in
1598 4045 1905 4114 Caecilia

386 4146 908 4308 MetAetlalssandm
944 4238 1017 4301 in
1052 4237 1353 4304 Aemilia
1403 4239 1671 4327 Lepidi.

485 4337 795 4425 Hispania
827 4339 897 4399 in
937 4332 1303 4408 Postumia.

3419 608 3522 685 87

2090 792 2293 860 Italia
2324 790 2393 853 in
2442 787 2655 854 Fufia.
3445 836 3452 843 -

2090 889 2296 956 Roma
2326 890 2398 952 in
2445 883 2662 948 Fufia
2762 884 2922 967 Ejus
2973 886 3238 973 effigies
3291 889 3507 958 obvia

1989 987 2060 1050 in
2105 988 2328 1050 numis
2357 986 2890 1066 imperatorum,
2937 1000 3012 1051 ut
3040 987 3331 1052 Neronis
3371 1001 3530 1063 etc.,

1992 1084 2202 1147 etiam
2231 1082 2306 1144 in
2345 1077 2650 1142 Graecia.

2090 1180 2328 1244 Genius
2359 1176 2440 1241 Ρ
2483 1174 2567 1241 R.
2669 1162 2895 1263 caput
2940 1173 3303 1241 barbatum
3354 1178 3504 1244 dia-

1988 1277 2375 1351 dematum,
2442 1290 2624 1358 pone
2671 1270 3041 1358 sceptrum,
3114 1274 3359 1339 addito
3418 1274 3500 1345 G.

1981 1372 2061 1438 P.
2110 1373 2245 1451 R.,
2298 1380 2416 1434 aut
2452 1366 2592 1454 ipse
2623 1364 2952 1435 barbatus
3016 1369 3250 1433 sedens
3289 1369 3504 1436 semi·

1983 1469 2244 1546 nudus,
2295 1466 2363 1529 d.
2405 1465 2909 1549 cornucopiae,
2962 1466 3011 1535 s.
3070 1464 3332 1529 hastam
3359 1514 3379 1546 ,
3430 1469 3502 1532 in

1985 1561 2308 1628 Cornelia
2326 1558 2593 1624 Lentuli
2621 1558 3023 1645 Spintheris,
3126 1561 3392 1627 Obvius
3414 1561 3506 1627 est

1981 1661 2192 1723 etiam
2230 1658 2303 1721 in
2337 1657 2556 1720 numis
2605 1658 2995 1721 autonomis
3032 1654 3148 1721 sub
3203 1659 3500 1744 impera-

1979 1755 2245 1819 toribus
2295 1751 2604 1839 fignatiS,
2680 1752 2796 1835 qui
2869 1753 3014 1817 sunt
3081 1753 3153 1817 in
3222 1755 3504 1820 incertis

1982 1849 2288 1915 Morellii
2319 1847 2503 1912 Tab.
2538 1847 2624 1910 11.
2664 1846 3289 1915 addito-GENIVS.
3316 1851 3390 1916 P.
3415 1852 3501 1916 R.

1980 1948 2075 2011 At
2113 1944 2232 2023 ubi
2272 1944 2335 2009 l'e
2369 1943 2728 2008 insinuavit
2757 1943 3066 2009 adulatio
3099 1989 3123 2022 ,
3173 1944 3396 2009 induit
3422 1944 3503 2010 li-

1980 2053 2347 2108 neamenta
2387 2040 2884 2124 imperatoris„
2929 2042 3045 2125 qui
3117 2050 3263 2104 tum
3342 2039 3500 2112 fuit,

1980 2138 2140 2220 Ejus
2173 2136 2491 2223 exempla
2523 2133 2789 2199 videbis
2828 2136 2897 2198 in
2936 2134 3228 2224 Augusto
3260 2137 3358 2203 ad
3382 2156 3501 2202 an.

1982 2255 2146 2299 num
2178 2237 2263 2300 V.
2304 2232 2383 2298 C.
2423 2242 2601 2319 734,
2651 2240 2724 2296 et
2759 2231 2831 2293 in
2873 2228 3119 2298 Galba.

2470 2423 2583 2487 Bo
2607 2424 2691 2487 ni
2751 2425 3015 2506 genii.

2084 2610 2308 2678 Bonus
2341 2610 2660 2689 Eventus,
2708 2612 2780 2673 in
2828 2602 3209 2684 Scribonia.

2089 2706 2458 2788 Clementia,
2509 2708 2582 2771 in
2627 2658 2951 2792 Sepullia.
3307 2763 3316 2768 .

2090 2803 2477 2883 Concordia,
2527 2805 2600 2869 in
2647 2804 2970 2888 Aemilia,
3018 2807 3333 2893 Fonteia‚
3382 2814 3508 2882 Di

1991 2902 2149 2984 dia,
2200 2900 2556 2966 Mussidia.

2087 2996 2316 3075 Fides,
2339 2998 2436 3060 -in
2475 2996 2766 3063 Licinia.

2085 3096 2378 3161 Fortuna
2408 3092 2495 3161 P.
2529 3093 2615 3159 R.
2719 3093 2944 3182 Caput
2988 3098 3316 3165 muliebre
3359 3102 3512 3170 dia..

1990 3191 2341 3255 domatum
2384 3189 2665 3256 addito:
2734 3190 2813 3254 F.
2864 3193 2941 3259 P.
2994 3194 3080 3270 R,
3142 3196 3216 3260 in
3276 3199 3528 3280 Arria„

1989 3289 2314 3354 Fortunae
2356 3285 2659 3352 Annam
2677 3333 2700 3366 ,
2785 3299 2855 3352 et
2900 3292 3191 3360 Fortuna
3232 3293 3466 3364 Redux
3481 3339 3510 3378 9

1991 3384 2059 3446 in
2098 3381 2349 3447 Rustia.

2087 3477 2349 3553 Honos,
2399 3475 2470 3540 in
2512 3475 2849 3556 Durmia,
2902 3491 2969 3543 et
3016 3481 3282 3560 Lollia,
3356 3489 3508 3568 jun-

1994 3583 2142 3638 ctus
2188 3590 2343 3635 cum
2380 3574 2685 3656 Virtute,
2737 3573 2806 3636 in
2839 3572 3084 3656 Fufia,
3138 3589 3207 3641 et
3244 3579 3503 3649 Mucia.

2090 3667 2297 3733 Lares
2333 3666 2676 3745 sedente3‚
2727 3667 2798 3731 in
2833 3666 3094 3745 Caelia

2086 3761 2421 3840 Libertas,
2463 3758 2824 3844 inCassia,
2875 3721 3109 3846 Iuniao,
3157 3751 3506 3852 cornelia,

1993 3857 2368 3922 Farsuleia.

2089 3954 2287 4038 Pax,
2337 3952 2411 4019 in
2464 3955 2761 4020 Aemilia
2791 3958 3043 4022 Bucae.

2086 4052 2347 4130 Pietas,
2396 4071 2550 4115 cum
2585 4052 2701 4116 vel
2736 4051 2864 4120 [ine
2889 4055 3178 4136 ciconia,
3229 4058 3299 4122 in
3335 4053 3528 4126 Cae-'³
3587 4054 3600 4060 “

1995 4145 2193 4223 cilia,
2245 4145 2479 4229 Iunia,
2530 4148 2895 4217 Herennia.
2993 4152 3192 4218 Stans
3223 4174 3375 4221 cum
3399 4170 3508 4223 at-

1995 4241 2266 4310 tributis
2291 4288 2310 4321 ‚
2361 4242 2433 4308 in
2467 4243 2763 4308 denariis
2798 4246 2875 4312 Ι...
2911 4249 3212 4317 Antonii.

2089 4335 2325 4417 Salus,
2375 4340 2446 4403 in
2476 4339 2704 4405 Acilia
2726 4387 2747 4420 ,
2799 4353 2866 4407 et
2901 4343 3094 4408 Iunia
3129 4345 3396 4432 Silani.-

411 4497 3504 4541 mm.

464 4573 519 4639 a)
563 4572 760 4643 Polyb.
795 4572 911 4633 hist.
951 4575 1139 4628 xvn.
1173 4593 1261 4646 35.

391 4649 518 4704 808.
712 4640 770 4707 d)
806 4641 876 4704 L.
910 4644 986 4697 11.
1024 4662 1072 4700 οι
1108 4646 1178 4703 V.
1214 4648 1248 4717 5
1282 4647 1338 4708 6.

1432 4577 1490 4648 b)
1527 4578 1848 4632 Athenaeus
1886 4579 1951 4634 L.
1985 4579 2059 4633 X.
2096 4598 2157 4652 p.
2193 4598 2268 4634 m.
2300 4583 2426 4652 416

1527 4650 1583 4715 e)
1622 4647 1693 4712 Η,
1729 4647 1803 4703 N
1838 4648 2110 4722 LII-p.
2147 4665 2234 4718 72·

2596 4583 2647 4649 c)
2683 4584 2744 4636 in
2778 4581 2959 4657 A'gide
2996 4594 3052 4637 et
3086 4584 3300 4647 Cleom.
3333 4605 3394 4662 p.
3429 4605 3506 4646 n.
