4175 5450
204 2558 209 2565 ·
343 2523 487 2585 avis
526 2517 768 2583 volans.

1222 674 1575 759 NvM1
1673 636 2602 771 CONSVLAREs.

749 904 753 909 ἱ
895 874 909 888 ,
1054 876 1088 912 ,
1250 884 1263 890 -

875 922 908 964 ι
1234 919 1275 962 o

450 979 655 1069 Caput
681 975 996 1065 Apollinis
1043 975 1447 1056 laureatum,
1494 975 1675 1065 infra
1710 976 1882 1064 quod

340 1074 605 1162 fulmen.
677 1083 735 1152 x
821 1076 1112 1163 Iuppiter
1148 1073 1536 1160 fulminator
1603 1077 1677 1141 in
1735 1077 1879 1141 citis

347 1176 709 1260 quadrigis.

452 1273 658 1356 Caput
695 1271 872 1336 Iovis
891 1267 1263 1333 laureatum.
1315 1275 1374 1344 x
1431 1268 1725 1337 Victoria
1740 1280 1871 1340 tro·

340 1376 569 1455 paenam
610 1386 921 1433 coronans
941 1364 1340 1431 variantibus
1361 1386 1481 1450 per
1501 1387 1715 1434 aream
1725 1370 1873 1455 jam

318 1465 590 1541 ·1iteris‚
627 1464 847 1548 jumi
789 1461 1059 1548 sigillis,
1107 1461 1349 1547 inferne
1377 1462 1673 1528 ROMA.

445 1560 540 1625 Hi
567 1560 814 1623 iterum
846 1557 1113 1621 denarii
1158 1569 1455 1621 aetatem
1495 1556 1871 1644 sequiorem

344 1653 781 1742 praeferunt,
834 1646 992 1717 aliis'
1033 1655 1175 1735 jam
1216 1654 1424 1718 etiam
1464 1655 1731 1720 anticae
1763 1669 1869 1741 ty·

312 1755 479 1838 pis.
580 1752 687 1816 De
718 1750 948 1835 capite
973 1748 1340 1834 ApolliniS,
1389 1749 1524 1813 hoc
1556 1752 1721 1829 loco
1738 1756 1871 1817 Ve-

335 1850 563 1935 jovis‚
614 1858 855 1934 agetur
885 1848 956 1910 in
989 1858 1186 1934 gente
1213 1844 1452 1913 'Caefia
1473 1895 1498 1931 ‚
1547 1847 1874 1928 Fonteia,

279 1980 315 1990 -·
343 1944 657 2032 aliisque.

1097 2040 1131 2074 ἤ

445 2133 651 2221 Caput
687 2090 979 2202 mutiebsse
1011 2091 1336 2224 galeatutn
1374 2134 1647 2217 alatum,
1704 2159 1869 2225 pone

342 2232 442 2315 X,
487 2232 669 2318 infra
705 2232 999 2296 ROMA.
1049 2240 1107 2309 ,ἲ
1168 2236 1408 2301 Mulier
1438 2238 1703 2323 galeata
1748 2234 1868 2323 cly-

337 2329 479 2413 peis
505 2328 765 2414 insidens
771 2330 829 2415 s.
868 2326 1070 2414 hastae
1118 2333 1421 2395 innititur
1438 2380 1460 2412 ‚
1534 2341 1681 2398 ante
1733 2354 1868 2398 eam

343 2422 496 2509 iupa
526 2423 819 2507 gemeHos
860 2423 1056 2488 lactat
1066 2468 1086 2500 ,
1140 2426 1211 2487 in
1248 2445 1401 2490 area
1450 2425 1589 2490 bino
1619 2436 1680 2491 et
1708 2427 1868 2493 iHinc

341 2614 713 2679 Restitutus
775 2614 943 2678 item
990 2635 1037 2678 a
1077 2616 1143 2678 T
1146 2619 1408 2697 rajano,
1572 2701 1583 2706 Ὀ

246 2775 261 2784 ,
436 2712 516 2777 Ιιι
555 2710 753 2794 hujus
799 2713 1063 2776 denarii
1102 2710 1343 2779 aversa
1377 2711 1649 2780 Vrsinus
1686 2713 1866 2778 vidit

224 2859 229 2872 .
338 2806 730 2875 Faustulum
772 2806 1108 2895 pastorem
1149 2829 1303 2873 cum
1355 2812 1516 2896 pico
1564 2811 1682 2874 avi
1736 2812 1859 2876 mi·

335 2906 646 2971 raculum
677 2904 883 2991 lupae
925 2904 1500 2985 confiderantem‚
1568 2926 1860 2991 eumque
1898 2939 1907 2948 ·

338 3005 519 3068 adeo
549 3022 596 3065 a
631 3001 789 3069 Sex.
825 3002 1162 3088 Pompeio
1188 2999 1414 3067 Fostlo
1450 3003 1677 3067 cusum
1710 3005 1855 3090 opi·

332 3112 578 3177 natur,
633 3099 796 3181 quia
829 3098 899 3160 in
944 3103 1085 3182 ejus
1125 3101 1410 3164 denario
1467 3099 1695 3163 limilis
1736 3120 1859 3164 na-

333 3210 529 3261 turae
575 3194 816 3258 thema
894 3196 1228 3276 objicitur.
1343 3193 1523 3259 Istud
1572 3199 1717 3280 jam
1768 3215 1854 3261 eo

326 3292 614 3371 falsum,
674 3291 860 3377 quod
893 3292 1109 3377 figura
1144 3291 1376 3356 sedens
1416 3278 1852 3377 nequaquam

328 3390 441 3456 vir
480 3386 613 3473 est,
662 3388 776 3453 sed
831 3389 1113 3467 mulier,
1165 3389 1525 3467 mammio,
1576 3401 1656 3451 ut
1711 3401 1850 3453 tres

327 3485 748 3569 integerrimi
800 3484 1013 3560 musei
1096 3483 1418 3548 Caesarei
1500 3501 1850 3550 common-

330 3578 578 3657 strant,
627 3579 1003 3643 liberaliter
1056 3577 1403 3643 instructa.
1501 3579 1701 3642 Haec
1739 3599 1855 3644 ea-

329 3677 489 3742 dem
537 3674 740 3738 causa
789 3674 1153 3759 redarguet
1207 3674 1640 3739 Perizonium
1665 3719 1686 3752 ,
1736 3677 1863 3757 qui

326 3769 619 3860 figuram
667 3770 1005 3833 sedentem
1042 3770 1339 3836 Martem
1370 3772 1547 3836 dixit
1578 3769 1650 3834 in
1693 3790 1861 3835 con-

324 3869 536 3935 sortio
568 3867 866 3930 Martiae
917 3867 1173 3952 lupae,
1224 3881 1293 3932 et
1321 3868 1562 3936 Martii
1597 3867 1754 3954 pici.
1787 3867 1859 3951 ⁸)

325 3965 539 4031 Aliud
576 3963 840 4050 placuit
896 3962 1424 4056 Havercampo,
1472 3954 1540 4049 1’)
1606 3965 1716 4028 cui
1771 3961 1850 4028 fi-

328 4081 502 4149 gura
537 4060 765 4125 sedens
807 4055 895 4123 est
929 4062 1160 4148 imago
1206 4064 1515 4156 Romae,
1561 4060 1692 4125 hos
1729 4081 1848 4126 au-

328 4170 472 4222 tem
526 4157 845 4221 denarios
881 4154 1172 4244 signatos
1214 4157 1426 4224 fuiss'e
1414 4180 1485 4223 a
1484 4108 1849 4223 Romanis

326 4266 643 4340 tempore
692 4251 856 4316 belli
918 4252 1237 4336 socialis,
1323 4255 1708 4339 lectumque
1754 4253 1855 4319 ab

325 4349 415 4413 iis
453 4350 630 4413 hunc
664 4361 904 4435 typum
930 4397 952 4429 ‚
1005 4372 1142 4435 quo
1171 4356 1511 4437 lactarent
1548 4371 1847 4440 ‘praero-

329 4446 642 4532 gativam
678 4446 867 4511 suam
902 4468 1070 4533 prae
1106 4450 1259 4514 aliis
1294 4451 1542 4515 Italiae
1571 4448 1849 4535 populis
1929 4449 2119 4513 suam
2151 4451 2255 4528 V,
2305 4470 2549 4538 nempe
2585 4462 2694 4515 tot
2738 4448 3042 4517 assium..

392 4654 452 4725 a)
483 4653 618 4714 Dm.
652 4655 763 4720 111.
795 4674 854 4730 p.
890 4673 973 4714 m.
1003 4674 1129 4731 255.

914 2519 1191 2582 Pondus
1267 2522 1543 2604 ‚argenti
1571 2524 1873 2609 „variat-

1312 4658 1375 4731 b)
1406 4659 1611 4725 famil.
1644 4661 1836 4726 inem.
1870 4677 1929 4734 p.
1961 4663 2098 4729 460,

3384 707 3475 777 43

1967 885 2110 965 eius
2143 882 2312 951 belli
2345 878 2739 950 auctoribus
2764 927 2790 968 ,
2857 886 3374 954 memorando
3352 911 3477 954 xm·

1965 983 2232 1066 perium
2271 981 2641 1059 summum,
2696 980 2881 1065 quod
2934 985 3234 1051 Romulo
3272 1007 3480 1073 augu-

1963 1078 2147 1141 rium
2192 1080 2499 1164 captanti
2535 1070 2837 1144 vultures
2873 1076 3361 1175 fignificarunt,
3415 1093 3484 1145 et

1969 1172 2208 1238 urbem
2241 1175 2428 1238 suam
2462 1175 2738 1240 lactatis
2781 1195 2905 1261 per
2939 1178 3330 1264 prodigium
3362 1199 3482 1265 ge-

1964 1271 2192 1335 mellis
2222 1270 2509 1335 deorum
2561 1272 2831 1335 numine
2879 1269 3270 1342 fundatam.
3404 1275 3483 1338 In

1960 1364 2099 1430 hac
2142 1366 2472 1430 sententia
2502 1362 2667 1430 istud
2705 1367 3049 1453 displicet,
3102 1373 3288 1455 quod
3325 1390 3480 1435 cau·

1958 1460 2103 1526 sam
2135 1461 2332 1544 hujus
2363 1463 2515 1550 typi
2540 1459 2786 1528 abello
2818 1464 3053 1530 sociali
3084 1469 3274 1555 petit.
3324 1454 3484 1533 Non

1960 1556 2118 1623 sane
2151 1559 2351 1623 Titus
2390 1557 2647 1622 bellum
2706 1558 2881 1623 istud
2924 1563 3338 1649 respexerit,
3407 1563 3483 1627 in

1962 1658 2172 1739 cujus
2175 1656 2401 1719 numia
2447 1655 2679 1720 aureis
2720 1654 3054 1744 inscriptis
3122 1648 3483 1725 cos.v1.

1958 1750 2145 1814 idem
2176 1748 2291 1815 hic
2331 1753 2422 1815 ad
2474 1770 2709 1816 omnes
2750 1752 2983 1838 apices
3029 1766 3235 1841 typus
3297 1776 3481 1822 com-

1938 1858 2199 1933 paret,
2251 1867 2542 1933 quorum
2582 1858 2718 1910 tres
2752 1849 2933 1913 varii
2964 1848 3112 1914 sunt
3146 1852 3216 1913 in
3253 1854 3484 1917 museo

1958 1942 2324 2014 Caesareo.
2422 1943 2549 2007 His
2594 1943 2775 2006 adde
2820 1943 3032 2011 alium
3065 1963 3203 2009 non
3240 1949 3478 2041 admo·

1854 2045 1864 2053 '
1958 2041 2124 2105 dum
2173 2039 2548 2119 diversum,
2599 2058 2804 2123 quem
2837 2041 3197 2107 Morellius
3245 2044 3319 2108 in
3376 2034 3475 2111 in·

1958 2139 2161 2202 certis
2193 2136 2338 2201 tab.
2374 2136 2461 2199 11.
2497 2136 2596 2204 lit.
2621 2136 2703 2200 B.
2761 2133 2949 2217 fistit,
3005 2149 3074 2201 et
3111 2139 3227 2224 qui
3285 2139 3477 2206 haud

1956 2232 2164 2298 dubie
2208 2232 2325 2296 sub
2369 2231 2899 2318 imperatoribus
2986 2232 3278 2321 lignatus
3360 2238 3476 2307 est.

1959 2329 2132 2394 Cum
2182 2342 2392 2414 typus
2429 2329 2542 2393 hic
2565 2329 2772 2393 varia
2810 2340 3038 2395 aetate
3074 2334 3476 2402 monetariis

1952 2426 2339 2512 placuerit,
2392 2437 2650 2508 certum
2729 2426 3042 2504 videtur,
3085 2446 3244 2489 reum
3303 2430 3471 2494 sum·

1952 2532 2148 2605 ptum
2193 2539 2239 2582 a
2275 2517 2625 2581 celebrata
2654 2521 3166 2601 quadam“deae
3199 2524 3466 2592 Romae

1950 2612 2211 2692 statua,
2264 2618 2472 2693 (nam,
2500 2614 2627 2675 ess'e
2672 2615 2938 2676 Romae
2983 2612 3278 2700 effigiem
3332 2622 3468 2685 col.

1948 2710 2076 2780 lati
2108 2721 2214 2775 tot
2245 2709 2366 2774 alii
2395 2706 2583 2778 numi
2628 2710 2883 2773 invicte
2920 2720 3231 2795 arguunt)
3281 2719 3468 2796 cujus

1949 2797 2327 2892 explicatio
2376 2808 2589 2892 plana
2634 2805 2724 2869 est
2773 2826 2856 2869 ac
2915 2807 3172 2883 obvia;
3221 2821 3504 2900 nempe'

1946 2902 2312 2968 exhibetur
2351 2905 2580 2967 Roma
2612 2901 2844 2966 illustri
2880 2903 3202 2990 prodigio
3242 2920 3310 2970 et
3349 2930 3470 2974 au.

1944 3001 2208 3086 spicato
2253 3002 2574 3078 condita,
2627 3000 2816 3086 quod
2891 3002 3235 3066 indicatur
3305 3025 3468 3071 cum

1943 3096 2251 3184 gemellis
2287 3098 2623 3160 miraculo
2664 3097 2976 3181 nutritis,
3042 3109 3186 3160 tum
3247 3102 3470 3167 advo-

1941 3193 2243 3258 lantibus
2277 3193 2691 3257 vulturibuS.
2838 3193 3043 3276 Quod
3101 3207 3484 3282 utrumque·

1940 3294 2257 3354 meritum
2307 3309 2460 3352 cum
2497 3293 2704 3352 toties
2736 3310 2780 3352 a
2816 3289 3081 3353 Latinis
3122 3291 3461 3379 scriptori·

1940 3386 2066 3451 bus
2098 3387 2346 3470 jactari
2387 3386 2742 3450 videamus
2767 3432 2788 3461 .,
2834 3383 3076 3465 justum
3118 3389 3326 3457 etiam
3349 3409 3457 3458 ar.

1926 3483 2339 3568 'gumentum
2367 3479 2743 3545 artificibus
2784 3479 3076 3547 suffecit.

2474 3672 2924 3760 quinarii.

2039 3865 2246 3954 Caput
2278 3865 2570 3934 muliebre
2601 3865 2928 3953 galeatum
2965 3863 3262 3948 alatum,
3297 3890 3460 3958 pone

1937 3966 2024 4029 V.
2068 3972 2126 4040 x
2155 3964 2452 4055 Dioscuri
2498 3967 2763 4053 equites,
2814 3964 2994 4051 infra
3033 3966 3328 4033 ROMA.

2030 4058 2371 4127 Siminina
2408 4062 2556 4126 sunt
2594 4062 2665 4124 hi
2704 4062 3012 4144 quinarii
3048 4063 3343 4129 denariis
3376 4064 3455 4128 il·

1934 4157 2046 4237 lis,
2100 4177 2272 4243 quos
2309 4084 2545 4320 p}ullo
2578 4169 2735 4223 ante
2767 4156 3248 4224 vetustissimos
3276 4161 3449 4241 dixi,
3533 4201 3536 4204 =

1932 4253 2047 4319 nisi
2069 4256 2257 4341 quod
2288 4276 2331 4341 p
2385 4257 2591 4320 ndere
2620 4254 2879 4320 horum.
2906 4254 3049 4319 sunt
3070 4257 3361 4335 dimidii,
3385 4271 3456 4322 et

1935 4352 2120 4435 quod
2157 4371 2287 4438 pro
2326 4364 2495 4418 nota
2521 4353 2787 4418 denarii
2822 4353 2881 4415 X
2921 4351 3179 4420 habent
3215 4365 3456 4419 notam

3133 4450 3220 4514 Et
3263 4470 3450 4516 ‘vero

2893 4739 3156 4819 m„
3302 4811 3326 4822 ..
