4175 5450
1630 489 2105 614 ROMA.

322 731 665 803 custodiae
706 733 1095 825 praefectis.
1240 733 1601 800 Praeclare.
1666 733 1839 801 istud

319 836 528 898 docet
567 833 837 898 Liviust
872 831 952 914 ἒ)
1003 835 1174 899 Haec
1200 836 1406 897 omnia
1432 833 1585 899 adeo
1627 844 1838 898 matu-

313 952 392 998 re
425 929 706 1014 perfecta
737 932 1074 1015 accepimus
1089 976 1108 1006 ‚
1160 938 1233 993 ut
1249 930 1440 1017 figna
1472 950 1540 993 eo
1573 931 1700 1016 ipso
1735 931 1837 1018 die

314 1049 363 1095 a
394 1025 818 1113 quaestoribus
855 1047 937 1091 ex
970 1027 1222 1091 aerario
1256 1036 1553 1111 prompta
1571 1027 1829 1094 delata-

313 1144 433 1211 que
457 1128 527 1200 ips
565 1141 845 1208 campum
867 1171 887 1201 ‚
939 1133 1173 1209 quarta
1206 1122 1329 1185 diei
1368 1120 1529 1187 hora
1555 1132 1729 1188 mota
1753 1142 1836 1190 ex

312 1241 529 1304 campo
553 1220 703 1306 sint.
806 1219 892 1281 Et
924 1218 1136 1282 alibi:
1191 1204 1247 1295 1’)
1303 1218 1370 1282 Is
1400 1221 1673 1304 impigre
1711 1239 1830 1285 ex-

312 1319 513 1383 ercitu
523 1315 766 1403 scripto
800 1335 933 1381 cum
971 1334 1174 1379 omnes
1206 1323 1398 1379 extra
1412 1395 1416 1402 ι
1429 1324 1689 1400 portam
1714 1315 1827 1380 Ca-

300 1432 531 1499 penam
573 1409 662 1475 ad
700 1412 950 1501 Martis
982 1410 1189 1476 aedem
1230 1415 1551 1478 convenire
1602 1432 1824 1477 arma-

309 1519 416 1574 tos
427 1509 723 1591 juniores
746 1504 988 1598 juffiffet
1002 1553 1022 1580 ,
1057 1493 1360 1594 stg'waqae
1376 1509 1592 1573 'eodem
1635 1530 1823 1595 qaae-

286 1606 499 1693 stores
543 1623 625 1669 ex
662 1607 919 1668 aerario
961 1602 1221 1689 deferre.
1324 1606 1426 1669 En
1473 1604 1600 1668 tibi
1667 1625 1825 1689 per-

302 1701 609 1785 spicuam
646 1699 915 1762 causam
940 1719 965 1779 ,·
1012 1711 1292 1785 propter
1342 1721 1549 1786 quam
1618 1720 1824 1785 quac·

308 1793 441 1859 stor
468 1795 714 1857 Nerius
754 1806 964 1881 caput
1012 1795 1324 1875 Saturni,
1374 1810 1445 1861 et
1482 1796 1664 1882 signa
1702 1799 1823 1860 mi-

212 1909 217 1914 ’
270 1892 534 1956 'litaria
553 1890 835 1954 denario
867 1890 1301 1961 suoinseruit.
1400 1894 1597 1956 Adde
1619 1885 1820 1979 prae·

301 1981 578 2073 cipuam
610 1983 823 2050 ‘aliam
858 2007 905 2051 a
954 1991 1281 2072 tempore.
1296 1990 1604 2076 petitam.
1708 1989 1815 2053 Ab

298 2084 633 2166 inscriptis
670 2082 1052 2156 consulibus
1097 2084 1175 2152 L.
1229 2083 1561 2163 Lentulo,
1625 2098 1694 2149 et
1731 2085 1810 2150 C.

303 2175 642 2242 Marcello
678 2188 910 2261 patet,
963 2179 1317 2242 denarium
1371 2180 1553 2242 hunc
1605 2178 1814 2265 stgna'-

302 2287 447 2339 tum
487 2289 667 2335 anno
697 2273 783 2335 V.
831 2269 912 2343 C.
973 2293 1152 2360 705,
1235 2292 1371 2355 quo
1442 2274 1496 2334 Ι.
1569 2272 1820 2354 Caeifar

299 2367 611 2460 pecuniis
647 2365 937 2451 publicis
975 2368 1244 2431 inhians
1310 2369 1653 2432 ‘aerarium
1695 2387 1821 2454 per

301 2466 447 2531 vim
506 2459 771 2547 effregit
832 2463 1288 2548 diripuitque,
1367 2463 1446 2528 L.
1535 2462 1817 2528 Metello

300 2558 574 2625 tribuno
612 2556 872 2642 plebia,
948 2561 1065 2642 qui
1131 2560 1353 2623 sacras
1409 2561 1584 2645 reip.
1650 2579 1816 2644 opes

303 2657 572 2738 objectu
607 2654 915 2739 corporis
946 2656 1122 2718 tueri
1158 2669 1590 2741 perrexerat,
1640 2674 1819 2719 mor·

299 2757 385 2818 tis
433 2763 615 2816 metu
664 2747 947 2814 statione
982 2746 1282 2837 depulso.
1383 2753 1579 2817 Haec
1629 2752 1820 2817 Plut-

298 2847 543 2914 archus
569 2893 592 2926 ,
642 2842 702 2927 ⁰)
769 2847 1126 2931 Appianus
1159 2896 1180 2931 ‚
1235 2839 1296 2930 ἃ)
1364 2836 1702 2914 Lucanus.
1755 2845 1815 2931 e)

293 2945 562 3019 Placuit
600 2940 807 3028 igitur
848 2943 1057 3008 Nerio
1103 2941 1479 3029 quaestori,
1533 2945 1651 3033 qui
1684 2964 1817 3010 una

3311 527 3443 610 163

1920 758 2073 802 cum
2112 732 2491 801 consulibus
2533 743 2715 799 metu
2751 727 3058 801 Caesaris
3097 735 3266 803 urbe
3321 747 3439 804 ex·-

1918 834 2237 911 cess‘erat,
2290 845 2363 897 ut
2432 832 2630 914 hujus
2694 832 3028 898 invidiam
3109 849 3388 920 augeret
3411 885 3434 919 ,

1916 929 2186 993 Saturni
2210 943 2414 1015 caput
2447 931 2666 993 numis
2697 923 3006 1009 inserere,
3032 933 3218 1013 cujus
3251 949 3441 996 nem0'

1912 1045 1999 1108 pe
2035 1047 2278 1089 numen
2324 1047 2445 1111 per
2472 1026 2612 1088 vim
2641 1021 2973 1088 violatum
3005 1039 3171 1090 erat.
3224 1023 3435 1092 Com:

1915 1123 2120 1185 mode
2164 1124 2434 1205 locum,
2469 1121 2540 1183 in
2576 1140 2710 1204 quo
2765 1120 3110 1186 thesaurus
3175 1123 3287 1187 hic
3329 1117 3430 1188 re·

1911 1218 2224 1282 conditus
2248 1268 2269 1301 ,
2337 1218 2652 1283 Lucanus
2726 1216 3032 1304 appellat
3115 1220 3434 1289 Saturnia

1905 1313 2149 1397 tempta.
2201 1304 2259 1393 f)
2311 1316 2390 1377 In
2424 1315 2599 1379 haec
2647 1325 2835 1380 certa
2895 1312 3253 1400 solidaque
3329 1317 3428 1382 in:
3540 1360 3548 1367 -

1874 1412 2218 1492 quirem,
2289 1428 2427 1475 non
2475 1412 2757 1475 vacavit
2845 1407 3082 1474 IIviris
3146 1410 3427 1501 nostris,

1903 1507 2156 1585 credo,
2224 1509 2386 1590 quia
2464 1510 3006 1590 conjecturarum
3092 1510 3421 1590 modum,

1902 1601 2149 1683 quibus
2185 1599 2333 1666 fere
2378 1604 2525 1667 unis
2564 1602 3115 1698 delectabantur,
3200 1606 3421 1669 exces-

1901 1698 2063 1760 sere.
2165 1698 2526 1784 Supersunt
2563 1698 3011 1785 explicandae
3051 1700 3288 1763 literae
3355 1702 3423 1767 Η
3517 1722 3525 1730 ·

1905 1806 1974 1858 et
2002 1795 2055 1856 P
2077 1795 2348 1859 vexillis
2379 1795 2755 1881 inscriptae.
2857 1787 3101 1859 Censet
3117 1796 3420 1861 Vaillan-

1900 1891 2075 1968 tiuS,
2129 1908 2283 1954 cum
2328 1891 2508 1975 legio
2557 1888 2886 1955 constaret
2923 1913 3009 1955 ex
3077 1889 3372 1955 Hastatis
3396 1941 3420 1975 ,

1899 1985 2367 2070 PrincipibuS,
2421 1997 2488 2049 et
2522 1986 2854 2082 Triariis,
2908 1988 2974 2051 H
3011 1998 3252 2051 notare
3300 1990 3422 2052 ha·-

1895 2078 2100 2146 statos
2133 2128 2153 2159 ,
2205 2083 2258 2144 P
2291 2082 2660 2167 principem
2710 2085 3009 2147 mediam
3044 2103 3211 2150 vero
3231 2086 3420 2169 aqui-

1897 2176 2039 2240 lam
2073 2178 2371 2245 triarios‘.
2472 2180 2726 2242 Verum
2772 2182 3071 2246 eruditus
3117 2182 3183 2245 le
3227 2181 3425 2246 Beau
3475 2191 3481 2204 ’

1901 2270 2259 2350 existimat,
2280 2273 2407 2336 has
2434 2272 2671 2337 literas
2704 2275 2828 2338 ess‘e
2847 2270 3191 2363 ἀρχαιεσας
3220 2299 3418 2366 prae-

1899 2363 2066 2429 fecti
2114 2365 2517 2432 centuriae.'
2584 2368 2875 2432 Causam
2929 2375 3158 2450 addit,
3255 2377 3421 2458 quia

1900 2462 2059 2526 inde
2098 2461 2190 2525 ab
2226 2465 2419 2527 annis
2456 2463 2691 2529 saltem
2724 2464 2849 2545 L.·,
2902 2488 2988 2531 ex
3028 2488 3166 2551 quo
3213 2470 3417 2534 dena·
3544 2527 3548 2532 .

1898 2558 1985 2621 rii
2008 2549 2079 2621 fii
2112 2556 2240 2621 cufi
2267 2559 2448 2643 sunt,
2498 2563 2567 2624 in
2583 2559 2849 2648 legione
2881 2564 2967 2627 R.
2993 2583 3212 2651 neque
3235 2566 3417 2651 prin-

1903 2655 2090 2741 cipes
2126 2656 2419 2742 amplius
2462 2655 2692 2736 fuere,
2755 2677 2976 2743 neque
3035 2658 3300 2749 hastati.
3350 2660 3417 2742 ε)

1900 2751 1979 2813 In
2059 2771 2134 2814 re
2204 2753 2384 2816 adeo
2449 2753 2710 2818 incerta
2796 2756 3209 2843 arbitrentur
3273 2758 3419 2828 alii.

1897 2847 2161 2909 Eadem
2198 2849 2435 2916 aversa
2475 2848 2565 2917 est
2596 2851 2804 2917 etiam
2837 2853 2911 2918 in
2949 2854 3238 2921 denario
3277 2857 3412 2922 Va-

1897 2941 2047 3009 lerii
2077 2942 2337 3011 Flacci.

1563 3226 2136 3313 NONIA.

388 3420 569 3489 Gens
611 3424 909 3510 plebeia.
1013 3424 1446 3513 Cognomina
1490 3425 1808 3514 Sufenas,

285 3533 359 3587 et
390 3520 869 3609 quinctilianus.
1192 3530 1197 3535 ⁴

1039 3618 1073 3654 n

860 3669 892 3704 a
1100 3702 1111 3711 ,
1216 3668 1248 3702 a

278 3713 587 3801 Sufenas.

576 3809 1005 3877 SV‘FENAS.
1050 3809 1114 3876 S.
1155 3808 1233 3875 C.
1292 3810 1494 3899 Caput
1533 3811 1809 3907 Sat-arni

557 3910 949 3992 prominente
980 3917 1154 3973 retro
1191 3905 1419 3993 harpa.
1832 3972 1837 3977 .

275 4001 471 4071 sEx.
511 4000 762 4082 Nom.
801 4005 942 4072 PR.
977 4004 1082 4067 L.
1123 4004 1205 4065 v,
1245 4005 1320 4071 P.
1355 4004 1431 4069 F.
1484 4004 1803 4070 Munera.

277 4099 515 4187 hastam
544 4145 564 4176 ,
594 4100 654 4184 s.
682 4098 1028 4183 gladiolum
1061 4099 1283 4185 clypeic
1312 4099 1566 4190 insidens
1622 4098 1806 4165 coro‘-

270 4203 476 4260 natur
518 4214 562 4259 a
603 4194 897 4261 Victoria
928 4204 1102 4262 retro
1116 4198 1346 4283 stante.
1448 4197 1594 4260 AR.
1623 4198 1707 4262 R.

1985 3428 2135 3507 Ea,
2187 3450 2363 3516 quae
2406 3431 2498 3495 ad
2555 3433 3082 3518 praecedentem
3147 3435 3414 3515 denari·

1889 3543 2004 3585 um
2036 3538 2251 3609 gentrs
2301 3528 2551 3589 Ner-iae
2591 3531 2674 3592 de
2712 3531 2937 3613 capite
2988 3531 3263 3594 Saturni
3314 3533 3412 3594 di·

1888 3620 2154 3697 ximuS,
2205 3619 2411 3685 facile
2448 3624 2926 3709 persuadent„
2968 3626 3126 3713 Sex.
3201 3627 3409 3709 Noni-

1890 3736 2004 3778 um
2049 3710 2441 3780 Sufenatem
2484 3719 2553 3781 in
2599 3718 3100 3806 quaestura-sua
3130 3724 3257 3787 hos
3297 3728 3411 3789 de·

1887 3812 2120 3877 nat-Ios
2171 3811 2521 3879 feriundos
2562 3817 2838 3894 curass'e,
2893 3819 3006 3881 nifi
3041 3818 3220 3885 forte
3244 3843 3408 3906 gens

1888 3910 2117 3973 Nouia
2161 3911 2520 3973 Saturnum
2551 3925 2846 3977 tutorem
2884 3915 3071 3978 suum
3110 3906 3409 4003 professa

1889 4003 2002 4077 est,
2104 4006 2293 4091 Lego
2344 4008 2530 4092 apud
2566 4008 2907 4074 Donium:
2958 4004 3025 4093 ¹².)
3063 4014 3407 4099 „SATVR-

1888 4100 2040 4164 No,
2082 4100 2292 4165 AVG.
2338 4101 2734 4195 SACRVM.
2765 4108 2836 4170 P.
2873 4108 3234 4180 NONIVS.
3269 4112 3407 4175 SA.

1889 4196 2182 4263 BINVS.
2284 4199 2476 4262 idem
2523 4201 2593 4264 in
2632 4203 2871 4267 aversa
2923 4198 3118 4271 retus
3191 4211 3408 4295 gentis
3524 4232 3530 4241 ¹

308 4440 317 4449 ’
349 4458 407 4521 a)
444 4457 511 4510 1..
545 4458 654 4518 111.
691 4477 737 4513 c.
774 4463 860 4526 69.

272 4540 399 4598 ⁴53·

276 4616 338 4658 n,
382 4615 464 4666 79.

598 4532 649 4595 e)
691 4529 760 4592 1..
796 4531 900 4585 111.
938 4549 994 4591 v.
1035 4544 1151 4595 114.
1418 4532 1462 4599 f)
1498 4532 1537 4587 l.
1577 4551 1629 4597 ο,

1054 4460 1111 4525 b)
1149 4461 1219 4521 1..
1255 4462 1386 4519 vn.
1422 4478 1469 4513 c.
1511 4479 1596 4532 23.
1806 4464 1855 4531 c)
2304 4506 2316 4519 .

1736 4544 1751 4557 ³
1835 4536 1889 4604 g)
1926 4532 1994 4596 Β.
2028 4535 2097 4589 L.
2133 4536 2204 4589 T.
2241 4485 2488 4593 {XXV-
2525 4557 2590 4610 1³.
2628 4556 2746 4612 295·

1892 4466 1948 4515 in
1988 4464 2224 4519 Caesare

2819 4471 2882 4541 ιι)
2921 4472 2989 4525 Β.
3032 4474 3097 4531 ο.
3137 4473 3200 4525 L.
3237 4475 3313 4531 11.

2355 4486 2426 4521 ἠ’
2465 4486 2587 4539 ⁷²5‘
2937 4541 3210 4611 hilaret.
3246 4493 3414 4600 enfil
