4175 5450
1574 565 2209 742 eLAvnIA.

327 826 587 896 stidium
625 826 935 893 victoria
995 827 1214 914 ipsum
1262 823 1551 891 hostium
1609 827 1859 892 ducem

328 926 817 991 virdomarum
857 924 1168 1011 singulari
1224 924 1597 989 certamine
1659 926 1859 988 inter-

327 1021 532 1099 fecit,
589 1034 655 1086 et
705 1024 1017 1087 detracta
1060 1021 1277 1107 spolia
1334 1021 1575 1107 opima
1623 1023 1860 1085 tertius

333 1119 423 1184 ab
473 1120 774 1182 Romulo
825 1119 980 1182 Iovi
1038 1119 1347 1183 Feretrio
1408 1118 1680 1183 obtulit.
1782 1119 1864 1182 In

326 1215 515 1279 bello
552 1217 798 1279 deinde
865 1217 1120 1280 Punico
1180 1216 1440 1301 primus
1506 1213 1859 1279 Hanniba·

324 1312 460 1376 lem
510 1313 694 1377 vinci
728 1312 912 1399 poss'e
946 1312 1485 1400 experimentum
1519 1314 1729 1377 dedit.
1783 1312 1864 1375 In

332 1409 641 1474 Siciliam
681 1431 808 1495 pro
878 1410 1147 1473 consule
1214 1410 1442 1474 miss'us
1488 1409 1862 1494 Syracusas

333 1507 516 1592 cepit
551 1508 634 1572 V.
678 1505 768 1572 C.
801 1519 989 1592 542,
1065 1509 1360 1593 denique
1430 1510 1516 1572 V.
1578 1504 1654 1571 Ca
1712 1508 1858 1589 546

331 1602 558 1666 consul
604 1605 717 1668 V..
748 1604 1070 1668 adversus
1119 1603 1578 1668 Hannibalem
1628 1601 1860 1690 profe·

215 1731 220 1740 ·
332 1711 477 1763 ctus
513 1700 904 1763 Poenorum
937 1701 1188 1766 insidiis
1237 1722 1453 1787 prope
1497 1699 1858 1765 Venuliam

328 1798 829 1861 circumventus
868 1798 1171 1861 nobilem
1226 1811 1520 1880 mortem
1581 1799 1856 1885 reperit.

425 1894 593 1955 Pars
635 1895 820 1957 numi
857 1895 1094 1958 aversa
1120 1895 1279 1959 bina
1317 1900 1456 1975 ejus
1485 1897 1862 1980 praecipua

330 1989 584 2053 decora
619 2004 997 2069 memorat,
1051 2005 1118 2056 et
1165 1994 1442 2078 quidem
1486 1991 1860 2079 epigraphe

324 2084 514 2149 fuiss'e
551 2086 921 2154 COnSulem
971 2089 1405 2173 QVINQuies
1445 2093 1700 2171 jactat,
1753 2102 1858 2173 ty-

329 2203 458 2268 pus
524 2184 978 2250 honorificam
1040 2187 1411 2271 spoliorum
1485 2188 1861 2251 dedicatio·

328 2298 534 2356 nem,
589 2300 792 2364 quam
831 2283 1096 2352 divina,
1152 2283 1268 2346 sua
1321 2282 1508 2367 poesi
1561 2282 1862 2346 celebra-

329 2374 434 2440 vit
475 2376 687 2437 etiarn
743 2376 1105 2460 Virgilius:
1161 2375 1227 2460 ⁸)
1361 2369 1366 2374 ’

429 2567 675 2656 Aspice,
727 2579 800 2634 ut
828 2517 1087 2659 insigms
1098 2566 1323 2656 spoliis
1357 2569 1694 2682 Marceras
1734 2571 1862 2655 opi·

429 2732 855 2852 Ingreditur,
904 2767 1221 2853 victorque
1261 2767 1443 2831 viros
1449 2687 1865 2854 satf'vzfeminet

432 2960 559 3028 Hic
597 2981 729 3026 rem
766 2960 1121 3030 Romam
1160 2980 1394 3047 magno
1430 2885 1725 3123 ἷεῖῑαῗεε
1764 2973 1862 3027 tn-

1463 3081 1567 3125 nm
1593 3070 1666 3125 tu

3342 653 3473 719 ⁸71.

1948 827 2242 892 Lentulo
2290 829 2617 914 quopiam
2661 831 3113 917 adoptatum,
3167 847 3256 898 ex
3298 827 3487 902 Cice·

1948 945 2117 989 rone
2156 923 2485 1010 colligunt
2536 928 2824 1006 eruditi,
2908 927 2994 990 de
3090 946 3228 1010 quo
3281 929 3494 1014 vide,

1952 1041 2131 1106 quae
2176 1022 2251 1084 in
2279 1024 2503 1086 numis
2558 1025 2773 1111 gentis
2822 1021 3191 1098 ‘Corneliae
3242 1025 3490 1094 Lentu·

1949 1118 2173 1182 lorum
2218 1119 2547 1185 differam.
2647 1121 2778 1182 Per
2815 1109 2991 1183 hanc
3032 1140 3192 1206 ergo
3239 1120 3490 1187 infitio-

1950 1235 2106 1277 nem
2148 1216 2368 1278 dictus
2411 1216 2735 1280 Lentulus
2772 1214 3240 1296 Marcellinus,
3301 1231 3488 1283 vete·

1949 1313 2182 1396 risque
2237 1307 2393 1376 fuae
2470 1314 2685 1399 gentis
2756 1332 3021 1375 memor
3068 1311 3336 1378 illustris
3382 1316 3485 1384 Μ.

1951 1407 2269 1476 Marcelli
2302 1408 2599 1473 honores
2638 1408 2795 1473 huic
2847 1409 3163 1482 denario·
3193 1410 3486 1478 inseruit.

1949 1504 2289 1578 Adstituta
2346 1509 2558 1594 capiti
2615 1508 2954 1590 triquetra
3004 1506 3283 1571 tertium
3350 1501 3493 1592 ajin

1952 1603 2163 1668 decus
2197 1649 2217 1682 ,
2291 1617 2535 1691 captas
2641 1603 3017 1689 Syracusas
3125 1603 3494 1689 eloquitur,

1951 1700 2147 1764 Idem
2212 1720 2501 1778 numus,
2555 1702 2668 1765 sed
2726 1720 2978 1765 aeneus
3049 1700 3105 1762 Ι.
3161 1698 3434 1765 formae
3469 1748 3503 1792 ,⁸

1951 1799 2362 1883 proponitur
2395 1800 2467 1863 in
2517 1797 2748 1862 museo
2796 1795 3205 1862 Pembrock.
3257 1798 3336 1864 Ρ.
3370 1799 3496 1868 111.

1953 1894 2098 1959 tab.
2155 1898 2235 1975 6,
2289 1915 2379 1958 an
2424 1897 2811 1983 genuinus?

2702 1992 2732 2026 G

2050 2090 2132 2153 L.
2179 2089 2448 2155 LENT.
2485 2044 2565 2156 ὅ.
2606 2042 2913 2154 ΜΑΒΟΪ
2952 2086 3149 2155 COS.
3241 2086 3477 2153 Inferi.

1951 2200 2112 2273 ptos
2156 2188 2241 2253 fic
2273 2207 2519 2253 numos
2555 2185 2940 2272 explicatos
2963 2187 3124 2254 vide
3164 2187 3234 2254 in
3292 2200 3495 2276 gente

1955 2284 2282 2350 Cornelia
2324 2286 2795 2351 Lentulorum.

2713 2381 2745 2415 ἢ

2891 2431 2926 2467 ἡ

1953 2472 2244 2540 Pulcher.
2990 2553 2995 2564 q

2251 2573 2297 2637 C
2296 2580 2452 2656 aput
2483 2569 2768 2637 Palladis
2795 2569 3057 2638 alatum.

1957 2666 2038 2741 C.
2084 2667 2541 2734 PVLCHER.
2619 2668 2912 2736 Victoria
2968 2673 3039 2735 in
3099 2670 3246 2738 citis
3294 2669 3489 2758 bigis.

2052 2861 2503 2928 PVLCHER.
2567 2863 2959 2930 TAVRVS.
3043 2863 3487 2933 REGVLVS.

1954 2962 2241 3027 Illle.
2278 2971 2367 3028 A.
2402 2967 2481 3025 A.
2507 2965 2587 3024 A.
2624 2961 2700 3025 F.
2726 2960 2807 3026 F.
2847 2963 2913 3024 in
2951 2964 3094 3028 ΑΕ.
3150 2964 3271 3031 ΙΙΙ.
3312 2961 3390 3029 C.

2049 3063 2168 3124 Ait
2211 3058 2454 3125 Cicero
2505 3060 2571 3122 in
2618 3057 2960 3123 Oratore:
3017 3058 3078 3141 ⁶)
3157 3047 3329 3147 Quin
3390 3081 3486 3126 er.

430 3154 616 3247 Siste!
652 3148 832 3249 &quies
848 3201 868 3235 ,
898 3156 1145 3242 sternet
1168 3156 1452 3240 Poenos,
1505 3159 1865 3246 Gaaumque
1944 3181 2039 3246 go
2071 3158 2192 3245 ipse
2210 3205 2229 3235 ‚
2280 3178 2415 3221 cum
2440 3157 2667 3243 scirem
2686 3202 2707 3231 ‚
2780 3164 2877 3222 ita
2931 3159 3205 3245 majores
3256 3157 3495 3231 locutos

433 3352 500 3420 T
491 3355 770 3441 ertiaque
807 3369 996 3418 arma
1037 3353 1228 3436 patri
1278 3254 1625 3534 [αξῗιζίιζ
1642 3304 1861 3440 'capta

1430 3468 1666 3516 nirano.

334 3640 447 3707 De
492 3638 662 3702 Iove
703 3639 1059 3720 Feretrio,
1110 3639 1341 3728 spoliis
1391 3594 1686 3724 opimis,
1739 3642 1862 3704 ali·

215 3790 218 3793 .
332 3739 529 3822 isque
571 3734 781 3799 caufis
805 3736 933 3801 huc
969 3737 1459 3823 pertinentibus
1480 3736 1630 3825 lege
1666 3756 1862 3830 prae·

331 3847 440 3902 ter
475 3833 653 3899 alios
703 3835 1158 3918 Propertium.
1213 3823 1278 3918 1“)
1333 3866 1340 3873 ·

436 3932 665 4016 Caput
734 3931 1003 3994 amicae
1050 3932 1260 4018 ipsam
1321 3931 1622 3996 celebris‘
1659 3932 1860 4018 hujus

332 4030 469 4096 viri
513 4026 812 4112 effigiem
877 4026 1072 4107 [istit‚
1126 4029 1238 4094 etsi
1297 4029 1614 4114 scriptum
1667 4033 1863 4113 iuxta

329 4125 602 4210 legatur
640 4122 1328 4206 MARCELLINVS,
1383 4129 1569 4210 quod
1611 4148 1864 4193 nomen

332 4222 830 4288 Marcellorum
864 4223 1163 4310 aliquem
1244 4246 1332 4291 ex
1408 4235 1604 4311 gente
1659 4224 1861 4289 Clau-

315 4319 459 4381 ‘dia
489 4312 578 4383 ‘in
620 4320 830 4385 aliam
862 4335 1132 4407 gentem
1168 4324 1579 4410 adoptatum
1645 4324 1862 4387 mani·

336 4410 503 4513 felte
542 4417 766 4481 docet.
881 4421 935 4482 F
940 4421 1098 4485 uiss'e
1150 4421 1328 4487 hunc
1378 4412 1782 4487 Marcellum
1821 4412 1895 4485 a'

412 4629 472 4702 1,]
507 4629 656 4686 Aen.
695 4630 798 4695 vl.
834 4648 896 4689 v.
926 4636 1050 4706 869.
1169 4664 1173 4669 ·
1221 4633 1282 4706 b)
1318 4634 1388 4690 1..
1421 4634 1532 4701 IV.
1569 4635 1710 4707 eleg.
1752 4650 1838 4693 n.

1951 3257 2087 3346 effi’,
2144 3264 2219 3319 ut
2258 3275 2568 3341 nusquam
2612 3252 2722 3339 mjfi
2762 3257 2829 3318 in
2864 3256 3062 3321 vocali
3103 3257 3486 3345 aspiratione

1948 3361 2312 3429 uterentur,
2364 3351 2665 3439 loquebar
2695 3350 2826 3438 fic,
2878 3361 2948 3416 nt
2984 3353 3302 3439 pulcroS,
3359 3351 3487 3416 Ce-

1950 3462 2186 3534 tegos,
2267 3450 2653 3534 triurnpos‚
2717 3447 3159 3534 Kartaginem
3223 3449 3486 3515 dicerem

1952 3555 2064 3612 etc.
2162 3545 2431 3608 Numus
2474 3565 2562 3609 ex
2596 3541 2957 3632 propofitis
3013 3545 3243 3630 prior,
3298 3547 3487 3627 quod

1954 3661 2044 3704 ex
2094 3654 2267 3725 typo
2319 3641 2639 3727 colligere
2710 3639 2912 3721 licet,
3008 3640 3238 3703 multis
3299 3643 3490 3724 prius

1954 3739 2152 3800 annis
2205 3737 2493 3821 lignatus
2534 3733 2649 3814 est,
2699 3754 2905 3825 quam
2941 3736 3310 3800 Oratorem
3332 3737 3489 3799 scri-

1951 3832 2145 3899 beret
2183 3831 2425 3896 Cicero
2448 3877 2469 3908 ,
2522 3843 2590 3895 et
2619 3845 2855 3898 tamen
2880 3830 3019 3915 jam
3057 3824 3489 3898 PVLCHER

1956 3952 2109 3997 cum
2154 3930 2458 4015 aspirata
2498 3930 2960 4014 scribebatur,
3010 3932 3094 3996 de
3158 3949 3311 4017 quo,
3351 3930 3486 3996 dis·

1955 4040 2232 4118 ceptent
2276 4028 2733 4115 grammatici.
3254 4024 3265 4035 ⁴

2051 4322 2179 4388 Ar.
2254 4275 2708 4388 metim.
2766 4273 2914 4386 ΑΡΪ
2972 4321 3051 4389 F.
3102 4319 3483 4389 rsocos.

1951 4421 2020 4483 in
2055 4417 2441 4505 cistophoro
2480 4420 2902 4484 Laodiceno.

2011 4635 2066 4706 e)
2106 4639 2412 4706 cap-48..
2936 4706 3095 4771 Y}
