4175 5450
681 580 763 625 10

672 770 755 817 ne
797 760 872 816 ut
932 748 1138 816 facile
1186 750 1661 839 intelligimus,
1741 754 1857 838 qui
1946 756 2192 835 numi,

566 860 603 875 ⁴’
672 849 909 924 bltem
950 850 1067 932 qui
1116 849 1283 912 certi
1317 847 1611 914 Romani
1664 845 1823 927 fint,
1878 846 2033 914 ah'oe
2073 869 2189 915 an·

679 945 995 1028 tiquitate
1031 941 1403 1030 praestent,
1455 942 1540 1007 fic
1574 944 1657 1006 de
1709 964 1878 1008 vera
1954 944 2192 1009 eorum

634 1053 911 1105 ·aetate
944 1041 1113 1102 nihil
1168 1040 1336 1104 certi
1390 1036 1605 1126 potest
1659 1038 2006 1120 constitui,
2073 1042 2193 1106 do-

679 1124 802 1200 nec
843 1136 934 1200 ad
969 1135 1304 1200 indicatas
1349 1158 1393 1199 a
1430 1135 1651 1199 Plinio
1690 1136 2195 1203 imminutiones

675 1231 1121 1308 delabamur‚
1176 1233 1263 1294 ad
1320 1251 1488 1317 quas
1550 1231 1849 1316 epochas
1911 1230 1955 1293 li
2032 1233 2198 1295 veli-

682 1346 829 1389 mus
862 1321 1251 1419 attendere,
1298 1327 1750 1413 intelligemus
1779 1373 1797 1403 ‚
1852 1312 2017 1390 ass‘es
2056 1326 2199 1389 sex·

680 1421 1014 1486 tantarios
1055 1440 1189 1484 non
1230 1424 1413 1508 posse
1443 1434 1874 1506 praevertere
1933 1421 2201 1486 circiter

644 1536 934 1581 -annum
989 1519 1069 1580 V.
1160 1515 1236 1580 C.
1299 1533 1439 1604 495
1458 1558 1483 1595 -‚
1562 1519 1865 1581 unciales
1951 1537 2203 1582 annum

564 1634 585 1651 ·
681 1633 870 1695 537„
925 1624 998 1676 at
1032 1612 1470 1705 semunciales
1510 1615 1657 1697 lege
1688 1613 1972 1699 Papiria
2015 1613 2198 1675 inve.

685 1719 832 1771 ctos
868 1707 954 1772 ab
1009 1729 1141 1772 uno
1205 1729 1539 1774 annorum
1592 1707 2136 1793 consequentium
2176 1754 2198 1784 ,

687 1803 1113 1888 qui·definiri
1152 1806 1429 1890 nequit,
1484 1819 1706 1868 ortum
1759 1805 2026 1866 ducere.
2221 1877 2226 1885 ¹

788 1900 1222 1983 Quaesitum,
1272 1901 1615 1987 possintne
1676 1898 1981 1964 nonnulli
2056 1916 2207 1982 gra-

687 1999 793 2062 vis
838 1998 1016 2060 aeris
1048 1998 1273 2075 numi,
1326 1997 1443 2082 qui
1476 1995 1836 2085 supersunt,
1888 1995 1958 2056 in
1992 1993 2207 2079 ipsum

691 2094 911 2158 Servii
957 2114 1238 2180 regnum
1281 2093 1516 2175 aliqua
1573 2091 1721 2160 veri
1764 2090 1983 2173 specie
2051 2108 2207 2173 pro·

688 2190 1000 2253 moveri?
1098 2189 1466 2251 Enimvero
1492 2234 1512 2265 ,
1565 2187 1611 2249 fi
1659 2197 1955 2249 aetatem
1995 2185 2244 2252 solum>

686 2287 947 2370 spectes
972 2330 991 2361 ,
1042 2305 1185 2362 non
1222 2303 1631 2368 magnopere
1670 2279 1837 2344 istud
1882 2299 2209 2366 repugna-

682 2394 808 2447 ret.
911 2380 1132 2443 Servii
1164 2398 1348 2442 mors
1396 2377 1622 2464 figitur
1691 2377 1778 2439 ad
1834 2396 2085 2439 annum
2127 2378 2211 2441 V.

616 2496 623 2504 ·
689 2476 766 2541 C.
819 2489 983 2550 218·
1104 2467 1455 2539 Habemus
1510 2491 1754 2557 numos
1827 2471 2072 2558 Rhegii
2146 2484 2213 2534 et

690 2571 1036 2637 Merranae
1078 2570 1367 2656 signatos
1432 2570 1613 2633 circa
1676 2587 1924 2630 annum
1983 2571 2065 2630 V.
2133 2564 2212 2635 C.

696 2670 834 2754 276
855 2716 876 2752 ‚
934 2681 1137 2750 atque
1166 2666 1292 2730 hos
1323 2664 1545 2729 adhuc
1582 2664 1987 2746 antiquitate
2018 2681 2211 2749 prae-

696 2764 863 2830 stant
895 2762 1080 2827 riumi
1122 2762 1419 2845 inscripti
1456 2759 1735 2823 Zancles
1775 2759 2042 2822 nornine
2068 2807 2087 2837 ,
2143 2769 2219 2820 ut

688 2873 1129 2946 praeteream
1170 2877 1414 2920 numos
1449 2854 2036 2930 Cauloniatarum,
2091 2854 2213 2915 ali-

694 2975 912 3037 osque
946 2954 1305 3015 civitatum
1361 2951 1733 3015 vicinarum
1790 2947 1879 3011 ab
1917 2948 2216 3011 remotis·

694 3050 860 3113 sima
897 3048 1302 3130 antiquitate
1345 3047 1670 3132 cognitos.
1788 3046 2039 3138 Verum
2096 3042 2216 3107 ob-

500 3151 513 3158 “
624 3204 641 3218 ,
695 3143 820 3208 stat
853 3143 1226 3209 auct-oritas
1259 3140 1497 3219 Plinii,
1552 3140 2001 3222 aliorumque,
2044 3160 2214 3224 quos

697 3242 922 3326 capite
960 3239 1013 3304 Ι.
1068 3239 1333 3314 citavi,
1387 3236 1624 3300 diserte
1662 3233 2171 3302 adfirmantium
2195 3282 2215 3312 ‚

702 3335 1024 3421 siquidem
1065 3336 1239 3396 tanti
1274 3331 1593 3396 facienda
1620 3330 1763 3392 sunt
1802 3350 1893 3391 ea
1925 3328 2216 3393 testimo-

623 3469 635 3479 .
702 3432 819 3494 nia
846 3480 867 3513 ,
942 3431 1237 3516 primam
1321 3431 1785 3491 Romanorum
1868 3438 2218 3489 monetam

700 3525 895 3592 suiss'e
965 3525 1228 3612 pecude
1316 3523 1677 3610 signatam,
1728 3540 1884 3584 cum
1936 3535 2217 3599 tamen,

702 3642 874 3707 quos
918 3619 1399 3706 vetustissimos,
1448 3618 1781 3682 habemus
1812 3664 1833 3694 ,
1905 3630 1974 3680 et
2040 3630 2221 3680 certe

699 3720 966 3782 Romae
1002 3716 1287 3801 signatos
1328 3734 1608 3790 numos»,
1678 3712 1931 3776 nullum
1975 3715 2224 3797 pecudi

1934 548 2387 633 CAPVT
2480 551 2581 632 11.
2985 648 3004 673 ·
3061 530 3080 543 '
3455 600 3488 627 .

2285 775 2412 821 nus
2455 773 2533 820 as
2553 754 2907 818 Romanus
2951 753 3214 821 libralis
3242 757 3631 846 conspectus
3662 779 3796 825 non

2284 849 2416 937 est,
2469 862 2536 915 et
2568 868 2657 914 ex
2687 850 2997 936 partibus
3039 854 3202 917 assis
3237 856 3504 918 unicum
3542 876 3587 919 a
3640 856 3790 920 Pas·

2284 947 2454 1012 serio
2502 947 2712 1014 video
2752 947 2950 1011 citari
2983 950 3333 1028 trientem,
3387 952 3502 1035 qni
3557 955 3790 1016 uncias

2285 1046 2406 1109 IV.
2448 1043 2817 1128 appendat.
2913 1044 3192 1107 Interim
3246 1058 3358 1128 ut,
3422 1047 3609 1129 quod
3680 1069 3791 1111 ve·

2284 1160 2436 1204 rum
2501 1139 2810 1216 videtur,
2892 1141 3289 1218 edisseram,
3373 1161 3655 1221 vereor,
3722 1156 3796 1206 ut

2285 1248 2641 1299 auctorum
2675 1238 2943 1320 oratio,
2996 1235 3532 1315 adfirmantium,
3606 1250 3791 1302 vetu-

2289 1328 2636 1395 stissimam
2683 1344 3030 1395 monetam
3089 1331 3280 1395 fuiss'e
3355 1333 3616 1419 pecude
3691 1335 3794 1397 in·-

2286 1426 2632 1512 fignitam,
2683 1440 3180 1512 ac,propterea
3231 1429 3484 1492 dictam
3526 1432 3791 1514 pecuni-

2288 1542 2442 1601 am,
2527 1524 2849 1587 continuo
2930 1524 3249 1586 videatur
3333 1524 3790 1602 admittenda,

2269 1616 2402 1691 ’γει
2445 1617 2605 1679 ideo
2635 1663 2656 1695 ,
2712 1619 2873 1708 quia
2914 1620 3029 1702 qui
3071 1615 3316 1682 restant
3370 1620 3556 1685 numi
3619 1622 3794 1683 anti-

2289 1711 2587 1795 quissimi
2628 1713 2971 1787 Romani,
3014 1730 3166 1776 eam
3199 1733 3336 1776 non
3373 1712 3794 1794 confirmant,

2289 1825 2576 1890 cumque
2627 1808 2767 1870 alio
2827 1807 2985 1869 loco
3037 1808 3221 1871 idem
3281 1809 3573 1892 Plinius,
3653 1822 3798 1872 tum

2290 1904 2583 1966 Ovidius
2613 1913 2681 1965 et
2730 1901 3168 1980 MacrobiuS,
3260 1923 3547 1988 quorum
3623 1902 3797 1967 testi-

2291 1998 2521 2061 monia
2568 1996 2858 2060 sectione
2891 1998 3211 2083 proxima
3251 1998 3509 2077 citabo,
3561 2000 3798 2064 diserte

2292 2094 2623 2175 doceant,
2687 2093 2758 2155 in
2813 2090 3257 2159 vetustissima
3332 2096 3800 2159 Romanorum
3899 2145 3903 2148 <

2293 2201 2568 2257 moneta
2604 2186 2796 2251 fuisse
2854 2209 2990 2253 una
3056 2202 3251 2275 parte
3326 2203 3533 2274 caput
3602 2191 3749 2254 Iani
3778 2236 3798 2265 ,

2292 2287 2514 2349 altera
2542 2284 2776 2348 navim
2801 2330 2820 2362 ,
2872 2305 3161 2370 eamque
3194 2286 3577 2348 doctrinam
3660 2286 3798 2349 late

2293 2378 2694 2445 confirment
2726 2382 2959 2457 numi,
3003 2382 3216 2447 licere
3270 2380 3438 2442 mihi
3480 2381 3741 2465 putabo
3777 2429 3796 2458 ,

2293 2475 2656 2539 sententiae
2693 2476 2908 2560 priori
2947 2495 3192 2561 negare
3251 2474 3499 2555 fidem,
3552 2490 3619 2539 et
3681 2496 3804 2564 per

2296 2573 2640 2656 cognitam
2704 2571 3248 2634 enucleationum
3315 2571 3803 2656 etymologica·
3865 2574 3876 2589 ⁸

2294 2687 2441 2730 rum
2481 2666 2826 2730 licentiam
2865 2666 3129 2750 longius
3174 2654 3558 2729 arcessitam
3624 2667 3800 2731 arbi·
3851 2739 3858 2748 ,

2295 2763 2483 2826 trari.
2534 2837 2543 2846 ¹
2586 2762 2791 2828 Haud
2836 2773 3117 2846 gravate
3171 2761 3458 2845 largiar,
3534 2764 3801 2848 pecuni-
3879 2791 3882 2796 f
3955 2767 3968 2777 ⁶

2297 2878 2409 2923 am
2448 2856 2603 2920 duci
2640 2877 2682 2919 a
2711 2876 2956 2941 pecore
2983 2903 3002 2932 ,
3056 2869 3126 2919 at
3160 2876 3296 2920 non
3350 2878 3565 2943 aeque
3605 2859 3802 2921 dede-

2295 2973 2373 3018 ro
2396 2999 2416 3031 ,
2468 2972 2620 3015 eam
2653 2963 3021 3037 propterea
3054 2951 3138 3015 fic
3181 2952 3624 3036 appellatam,
3646 2954 3808 3037 quia

2272 3048 2565 3139 ‚pecoris
2600 3047 2697 3110 illi
2734 3060 2900 3111 nota
2933 3048 3246 3134 impressa
3273 3045 3444 3127 fuit,
3497 3049 3607 3111 sed
3645 3050 3805 3132 quia

2296 3144 2585 3230 pecunia
2628 3144 2696 3204 in
2753 3143 3021 3227 pecoris
3065 3142 3290 3207 locum
3339 3142 3517 3228 quali
3566 3143 3806 3207 succes-

2297 3239 2409 3317 fit,
2461 3250 2529 3301 et
2571 3238 2686 3322 qui
2721 3238 2965 3303 multas
2995 3238 3063 3301 in
3094 3257 3255 3301 arca
3287 3239 3608 3320 pecunias
3647 3258 3803 3302 con-

2299 3335 2495 3411 didit,
2535 3334 2826 3418 -perinde
2858 3335 3095 3397 beatus
3137 3330 3223 3394 est
3249 3331 3548 3415 habituS,
3593 3353 3808 3417 ‚quam

2300 3428 2617 3514 qui„olim
2669 3448 2915 3514 pecore
2964 3427 3375 3509 abundavit,
3453 3429 3807 3512 praeclare

2299 3523 2466 3588 istud
2499 3525 2882 3611 explicante
2919 3522 3159 3600 Livio,
3183 3541 3365 3586 ocum
3420 3524 3504 3585 de
3559 3523 3804 3606 Massy-

2298 3622 2384 3686 lis
2417 3621 2553 3683 ait:
2604 3619 2667 3704 ¹¹)
2716 3615 3019 3686 Familiae
3074 3616 3314 3705 aliquot
3350 3639 3488 3684 cum
3539 3615 3836 3705 mapali--⁸

2297 3716 2419 3782 bns
2443 3715 2889 3801 pecoribusque
2922 3717 3026 3802 (ca
3052 3716 3315 3799 pecunia
3351 3715 3465 3780 iuis
3500 3720 3598 3805 est)
3653 3734 3806 3800 per-2

708 3813 931 3878 cubile
974 3811 1390 3896 praebeant,
1445 3813 1723 3894 dempto
1755 3811 1983 3888 unico,
2018 3829 2220 3892 quem
2277 3810 2654 3900 secutisunt
2680 3831 2908 3893 regem.
3009 3812 3217 3895 Atqui
3272 3822 3340 3872 et
3387 3810 3810 3873 Columellae

698 3912 775 3973 in
819 3908 1076 3972 assibus
1118 3907 1516 3985 recensebo,
1571 3924 1828 3987 eoque,
1898 3918 1973 3969 ut
2037 3904 2223 3968 colli·
2305 3905 2565 3991 possum
2637 3903 3048 3969 auctoritate
3087 3906 3208 3967 niti
3244 3953 3264 3983 ,
3354 3925 3489 3988 quo
3538 3905 3696 3969 teste
3745 3893 3811 3988 b)

705 4025 860 4090 gere
888 4003 1071 4080 licet,
1120 4021 1258 4065 non
1293 4004 1634 4066 maximae
1670 4001 2036 4064 vetustatis·
2085 4000 2224 4063 De-

705 4098 866 4163 inde
907 4097 953 4161 ζίί
990 4101 1103 4182 qui
1141 4098 1344 4162 ess'ent
1392 4102 1533 4183 ejus
1602 4097 1802 4176 aevi,
1896 4115 2014 4159 eos
2098 4095 2225 4158 ess'e

664 4195 986 4284 ‚librales
1028 4207 1415 4280 oporteret,
1470 4195 1513 4258 fi
1578 4191 1742 4258 atres
1819 4192 2002 4269 sunt,
2056 4201 2224 4268 aut,

708 4309 865 4355 cum
905 4292 1064 4355 assis
1102 4292 1245 4355 sunt
1265 4305 1516 4377 partes,
1557 4291 1680 4353 ess'e
1716 4287 2032 4374 ponderis
2066 4303 2226 4350 ana-

709 4389 850 4472 logi
896 4389 986 4450 ad
1023 4389 1224 4451 assem
1261 4369 1597 4455 libralem.
1694 4385 1951 4445 Verum
2000 4381 2226 4446 hacte-

2299 4004 2552 4065 nomina
2574 4006 2866 4086 pecuniae
2913 4011 2974 4067 et
3008 4000 3229 4085 peculii
3264 4010 3474 4065 tracta
3524 4002 3815 4086 videntur

2299 4116 2349 4161 a
2366 4116 2586 4182 pecore
2617 4145 2635 4176 ‚
2687 4099 2853 4184 quod
2881 4117 3006 4163 non
3029 4093 3232 4184 solum
3268 4108 3500 4164 veteres
3543 4095 3812 4187 poffede-

2298 4202 2457 4258 runt
2481 4241 2498 4270 ,
2533 4193 2649 4281 sed
2688 4195 2887 4260 adhuc
2928 4192 3099 4281 agad
3130 4194 3434 4279 quasdam
3484 4205 3705 4279 gentes
3741 4214 3810 4257 ιιε

2299 4309 2451 4362 amm
2485 4291 2825 4377 zy‘iarpatur
2858 4287 3222 4356 divitiarum
3266 4309 3504 4375 genus,
3554 4310 3688 4353 non
3713 4307 3813 4353 er·
3865 4307 3876 4318 ⁸

2310 4405 2396 4471 go
2431 4407 2476 4449 a
2521 4386 2716 4473 signis
2755 4400 3073 4452 monetae
3109 4375 3468 4486 ignpressis'.

776 4597 831 4661 a)
868 4597 937 4656 L.
975 4587 1198 4656 xxtx.
1232 4610 1282 4648 c.
1314 4570 1406 4658 ἐι,
1577 4588 1635 4656 b)
1673 4591 1742 4655 L.
1778 4591 1910 4648 Vll.
1944 4594 2004 4643 in
2036 4589 2217 4684 praef.
