4175 5450
677 629 791 717 ,ο
1850 564 2293 691 cAPvT
2392 611 2538 705 IV.

688 835 893 907 atque
941 817 1121 887 adeo
1154 812 1490 881 remotius
1534 812 1670 880 illis
1719 834 1968 882 aevum
2002 814 2214 882 tribu·

566 982 573 987 .
690 920 979 996 endum,
1034 929 1108 980 ut
1143 917 1404 980 dicetur
1449 915 1520 978 in
1551 924 1849 979 tractatu
1873 915 1959 979 de
1990 915 2214 980 numis

691 1017 1117 1085 familiarum
1155 1032 1312 1098 cap.
1357 1011 1543 1076 XVI.

787 1115 915 1181 ΠΙ.
966 1110 1150 1177 Satis
1201 1121 1493 1195 apparet
1542 1108 1749 1173 etiam
1769 1158 1789 1188 ,
1830 1168 1833 1171 .
1879 1121 2213 1175 tentatam

690 1218 762 1280 in
798 1209 1101 1298 epochas
1139 1205 1571 1286 divisionem,
1609 1218 1752 1270 tum
1786 1219 1860 1273 et
1888 1206 2218 1293 praescri-

692 1323 889 1399 ptum
943 1304 1210 1392 lingulis
1259 1305 1525 1391 pondus
1592 1305 1815 1369 minus
1900 1303 2221 1390 prospere

688 1402 1268 1491 comprobatum,
1322 1422 1540 1487 neque
1580 1400 1950 1488 sperandos
2007 1400 2221 1466 facile

699 1503 1024 1569 laetiores
1074 1500 1143 1563 in
1189 1497 1324 1563 hoc
1368 1511 1772 1584 argumento
1817 1498 2220 1586 progress'us.

698 1603 974 1666 Primae
1045 1598 1225 1660 enim
1289 1607 1587 1681 quatuor
1641 1595 1954 1681 epochae
2015 1615 2226 1679 quam

640 1704 649 1713 '
697 1699 844 1763 sunt
879 1695 1116 1759 misere
1159 1690 1406 1756 steriles
1456 1712 1861 1771 numorum,
1910 1711 2067 1758 cum
2097 1706 2226 1756 cta-

700 1814 856 1861 men
895 1792 984 1858 ad
1035 1791 1414 1856 firmandas
1450 1788 1643 1871 hujus
1680 1802 1988 1855 -naturae
2040 1790 2227 1876 leges

700 1892 1069 1959 multorum
1106 1887 1183 1951 fit
1216 1908 1391 1974 opus
1413 1886 1749 1951 subsidio?
1800 1884 2069 1972 atqueli
2107 1906 2225 1951 eos

702 2000 1064 2080 praeterea
1099 1985 1468 2070 excludas,
1510 2004 1693 2069 quos
1736 1984 1865 2048 ess'e
1925 2002 2228 2050 comma-

700 2091 791 2154 tis
828 2084 1167 2172 peregrini
1204 2083 1435 2169 gravis
1471 2078 1561 2144 est
1598 2084 1984 2163 conjectura
2009 2126 2031 2162 ,
2105 2083 2231 2147 vix

706 2204 877 2250 unus
917 2182 1176 2246 alterve
1215 2180 1285 2243 in
1331 2178 1616 2264 singulas
1671 2178 1975 2264 epochas
2030 2175 2231 2244 resta·

705 2281 852 2362 bit,
907 2290 1113 2365 atque
1150 2275 1357 2341 etiam
1395 2276 1525 2340 hos
1594 2273 1640 2338 fi
1690 2294 2037 2362 negavero
2106 2275 2233 2341 else

708 2384 850 2462 ejus
889 2374 1177 2453 aetatis,
1244 2392 1422 2458 quae
1476 2372 1995 2460 praetenditur,
2094 2392 2233 2458 quo

705 2460 889 2541 istud
909 2484 1118 2559 pacto
1150 2468 1638 2556 comprobabit
1687 2470 2062 2534 Nauzeus‘?
2129 2470 2233 2534 In-

706 2573 983 2683 telligo,
1035 2568 1337 2656 pondere
1369 2568 1582 2641 numi.
1685 2565 1822 2635 Sed
1856 2565 1991 2632 hoc
2018 2567 2235 2655 ipsum

709 2669 841 2751 est,
892 2669 962 2734 in
997 2666 1186 2764 quod
1232 2662 1659 2754 inquirimus.
1762 2664 1835 2730 Si
1871 2665 2052 2730 enim
2115 2662 2237 2731 ali·

710 2768 933 2834 orsum
977 2766 1062 2829 de
1100 2777 1329 2828 aetate
1364 2762 1551 2829 numi
1587 2764 1754 2827 certi
1790 2782 1927 2827 non
1971 2761 2236 2843 sumus,

712 2886 852 2951 qua
883 2860 1132 2947 quaeso
1167 2859 1421 2924 fiducia
1437 2857 1653 2923 adseri
1684 2856 1938 2945 potest,
1991 2878 2237 2924 numos

716 2960 1210 3047 qualiscunque
1250 2957 1496 3020 aetatis
1538 2955 1673 3020 hoc
1725 2956 1839 3021 vel
1886 2954 2009 3020 illo
2044 2953 2239 3019 fuiss'e

716 3055 1078 3146 pondere?
1126 3055 1355 3136 Atque
1385 3064 1459 3116 ut
1491 3053 1727 3120 demus
1766 3053 1973 3117 etiam
1999 3102 2019 3134 ,
2072 3073 2240 3140 pau-

717 3151 1013 3220 cissimis·
1035 3151 1121 3216 iis
1153 3149 1375 3215 numis
1398 3197 1418 3229 ,
1456 3147 1588 3234 'qui
1620 3149 1958 3236 supersunt
1982 3199 2003 3231 ,
2053 3152 2242 3216 suam

719 3252 847 3317 ess'e
897 3259 1199 3313 aetatem
1262 3259 1449 3312 recte
1506 3247 1974 3335 adsignatam,
2044 3247 2091 3312 fi
2155 3249 2244 3313 iis

717 3347 900 3414 forte
933 3345 1187 3428 accidit
1209 3393 1230 3425 ,
1284 3346 1471 3431 quod
1507 3345 1709 3432 saepe
1747 3344 1921 3410 alias
1979 3343 2245 3410 factum

719 3445 857 3536 ipse
887 3441 1181 3524 fatetur,
1226 3453 1307 3507 ⁴ut
1385 3462 1510 3530 per
1566 3443 1838 3507 causam
1893 3442 2243 3528 aliquam,

722 3546 910 3628 cujus
942 3541 1275 3628 exempla
1316 3559 1480 3605 mox
1510 3540 1886 3620 dabimus,
1958 3541 2073 3606 vel
2130 3561 2243 3605 ex-

721 3642 969 3707 cedant
991 3641 1345 3728 pondere,
1397 3638 1512 3702 vel
1580 3637 1942 3718 deficiant,
2036 3659 2246 3726 quam

721 3737 969 3804 deinde
1005 3745 1251 3824 parum
1278 3735 1525 3800 horum
1576 3733 1795 3822 potest
1848 3738 2246 3802 auctoritati

634 3891 654 3899 -
720 3835 976 3901 tribui?
1028 3835 1255 3919 Magis
1291 3832 1638 3919 explicata
1681 3834 1969 3912 ratioin
2008 3847 2248 3921 quatu·

724 3952 805 3998 or
840 3929 1191 4019 postremis
1232 3929 1553 4017 epochiS,
1627 3933 1813 4013 quod
1867 3934 2054 3997 numi
2097 3933 2251 4017 plus

726 4029 1123 4108 abundant,
1177 4039 1246 4091 et
1283 4028 1400 4116 qui
1434 4028 1526 4091 ad
1572 4045 1689 4091 eas
1733 4029 1993 4115 absque
2036 4026 2251 4093 dubio

724 4128 1089 4214 pertinent.
1189 4125 1322 4190 Sed
1366 4124 1584 4212 legem
1624 4127 1950 4211 ponderis
1976 4176 1998 4212 ,
2071 4145 2250 4209 quae

725 4225 798 4288 in
868 4224 1211 4312 plerisque
1288 4223 1650 4287 commode
1730 4225 2026 4301 addicit,
2116 4241 2253 4286 non

725 4323 933 4408 pauci
975 4341 1096 4408 per
1148 4320 1513 4386 intervalla
1566 4321 1873 4406 graviter
1945 4318 2250 4384 turbant.

729 4420 842 4486 Sic
888 4439 1041 4484 cum
1086 4421 1307 4496 numis
1340 4417 1651 4504 epoahae
1686 4420 1796 4487 Vi
1814 4436 2029 4505 grana
2068 4418 2247 4507 153}

730 4517 1086 4605 adfignat,
1139 4517 1327 4581 numi
1370 4514 1632 4582 Suljani
1712 4517 2014 4601 ejusdem
2093 4534 2257 4600 epo·

726 4615 905 4680 chae
936 4635 1154 4703 grana
1202 4633 1383 4700 202,
1450 4616 1615 4698 quin
1665 4625 1734 4680 et
1804 4632 1955 4700 209
2002 4613 2257 4703 adpen-

2298 816 2511 893 dunt,
2562 828 2813 902 quarta
2849 814 3062 880 debiti
3101 817 3422 903 ponderis
3465 829 3667 904 parte
3713 839 3832 883 au-

2301 915 2577 979 ctiores.
2681 911 2853 979 Cum
2891 913 3111 977 numis
3153 913 3463 1000 epochae
3517 915 3636 980 VI.
3717 919 3834 982 de·

2299 1010 2592 1075 beantur
2639 1031 2854 1098 grana
2908 1010 3127 1100 1493,
3197 1012 3383 1075 numi
3424 1011 3701 1099 Augusti
3759 1012 3830 1079 fl-

2300 1110 2489 1198 gnati
2527 1108 2613 1173 V.
2652 1107 2734 1174 C.
2773 1120 2914 1193 734
2949 1108 3347 1194 adpendunt
3381 1129 3595 1195 grana
3649 1132 3777 1197 ¹53
3809 1160 3829 1190 ,

2305 1207 2469 1293 quin
2509 1218 2576 1270 et
2623 1208 2788 1291 156

2307 1322 2671 1369 aureorum
2724 1304 3006 1391 pondus
3070 1303 3537 1391 praetenditur
3590 1324 3832 1392 grano·

2306 1421 2484 1465 rum.
2511 1397 2737 1487 1‘36133
2763 1447 2783 1479 ‚
2836 1412 2911 1465 at
2960 1402 3148 1466 numi
3180 1401 3566 1466 Domitiani
3591 1449 3612 1481 ,
3668 1403 3832 1469 Ner·

2307 1516 2477 1580 vae,
2527 1510 2594 1562 et
2627 1498 2913 1580 TraJani
2949 1497 3311 1585 imperium
3351 1498 3737 1565 inchoantis
3765 1503 3836 1564 in

2309 1615 2527 1684 grana
2575 1607 2710 1673 ι4ο
2745 1615 2960 1681 usque
3006 1608 3136 1679 145
3173 1595 3428 1659 valent.
3532 1595 3835 1680 Quomo-

2312 1696 2675 1777 docunque
2730 1690 2912 1756 hanc
2984 1690 3501 1757 inconstantiam
3575 1696 3842 1759 excuset

2312 1792 2634 1856 Nauzeus
2661 1834 2681 1866 ‚
2732 1809 2896 1853 nam
2938 1809 3115 1873 quae
3156 1787 3388 1855 adfert
3418 1840 3440 1873 ,
3490 1790 3840 1857 imbecilla

2314 1888 2458 1954 sunt
2484 1935 2505 1967 ,
2555 1899 2626 1951 et
2654 1886 3049 1952 necessitate
3095 1885 3440 1965 arcessita,
3491 1886 3659 1953 istud
3698 1909 3844 1954 cer·

2312 1999 2499 2065 tum,
2564 2003 2802 2048 veram
2851 1985 3177 2071 ponderis
3234 1984 3304 2048 in
3353 1985 3580 2050 aureis
3620 1985 3842 2073 legem

2315 2082 2685 2148 difficulter
2722 2082 2907 2167 posse
2951 2081 3271 2169 reperiri,
3322 2081 3455 2147 [ive
3497 2086 3638 2165 ejus
3687 2103 3847 2155 cau·

2307 2180 2459 2246 -sam
2511 2182 2580 2243 in
2625 2181 3048 2243 monetarios
3111 2181 3435 2260 conjicias
3472 2184 3617 2262 jam
3679 2181 3849 2243 olim

2318 2280 2392 2343 in
2427 2277 2760 2341 servando
2793 2276 3097 2363 pondere
3146 2263 3388 2340 minus*
3436 2276 3785 2362 religiosos
3823 2326 3847 2357 ,

2321 2375 2455 2442 five
2489 2374 2560 2438 in
2598 2374 2846 2439 aetatis
2877 2374 3156 2457 injurias
3189 2374 3412 2438 numis
3459 2373 3848 2451 damnosas,

2322 2471 2455 2538 five
2487 2472 2559 2535 in
2594 2469 3018 2558 magistratus
3059 2471 3349 2557 ponderi
3382 2471 3710 2536 addentes
3738 2470 3853 2535 vel

2320 2571 2694 2635 demente&
2795 2572 3021 2659 Atque
3052 2568 3225 2632 haec
3266 2570 3642 2655 praecipua
3680 2588 3836 2633 cau-

2325 2667 2399 2733 sa
2435 2664 2548 2746 est,
2603 2684 2723 2731 cur
2758 2664 2828 2729 in
2869 2665 3170 2752 pondere
3196 2665 3416 2731 librae
3449 2667 3698 2732 veteris
3719 2685 3852 2751 ope

2329 2763 2764 2830 denariorum
2800 2761 2935 2829 live
2973 2782 3379 2843 aureorum,
3434 2762 3564 2827 sive
3618 2783 3847 2849 argen-

2326 2849 2595 2926 teorum
2612 2857 2999 2932 definiendo
3023 2871 3386 2948 tantopere
3405 2863 3674 2925 varient
3705 2881 3852 2924 eru·

2332 2958 2505 3037 diti,
2555 2957 2642 3021 de
2688 2976 2825 3042 quo
2878 2957 3155 3022 dissidio
3212 2961 3320 3043 egi
3360 2959 3562 3044 supra
3629 2960 3852 3045 capite

2333 3055 2495 3136 11.§
2549 3075 2607 3120 1.

2428 3150 2703 3217 Poss‘unt
2757 3151 2972 3232 haec,
3063 3173 3239 3239 quae
3303 3153 3392 3216 ad
3450 3115 3858 3217 elevandum

2333 3248 2529 3332 hujus
2581 3250 2937 3315 doctrinae
3000 3252 3316 3316 meritum
3363 3238 3574 3315 modo
3638 3250 3862 3337 dispu-

2332 3359 2687 3427 taveram,
2739 3345 3042 3412 sufficere
3069 3395 3089 3426 ,
3141 3360 3211 3412 et
3271 3347 3575 3414 consulto
3656 3344 3862 3412 absti-

2331 3463 2464 3510 neo
2498 3443 2780 3509 calculis
2830 3444 3310 3529 arithmeticis,
3365 3465 3540 3531 quos
3561 3456 3861 3531 praeter·
3953 3503 3962 3517 ,

2332 3561 2440 3608 οε
2463 3543 2557 3607 ad
2634 3544 3060 3608 enervandos
3097 3543 3361 3607 Nauzei
3397 3543 3698 3608 calculos
3740 3562 3861 3628 pa·

2336 3651 2682 3725 raveram,
2732 3659 2890 3705 cum
2914 3641 3101 3725 quod
3132 3640 3204 3704 hi
3232 3639 3299 3704 in
3335 3640 3683 3726 praesente
3708 3657 3864 3704 cau·

2340 3738 2411 3802 sa
2466 3737 2754 3802 nimium
2847 3736 2979 3800 sese
3044 3737 3183 3802 late
3251 3739 3649 3823 porrigunt,
3717 3748 3870 3800 tum

2342 3833 2530 3920 quod
2573 3835 2646 3895 in
2673 3833 2811 3897 hac
2843 3832 3050 3898 causa
3081 3835 3240 3899 inde
3292 3835 3381 3899 ab
3429 3834 3704 3898 Alciato
3745 3854 3868 3918 pu-

2340 3940 2620 4018 gnatum
2659 3930 2984 4030 calculis,
3057 3933 3175 4016 qui
3219 3952 3565 4015 nunquam
3636 3931 3878 3997 desunt

2341 4045 2574 4091 novae
2620 4007 2974 4093 doctrinae
3011 4031 3364 4115 patronis,
3416 4029 3528 4092 sed
3592 4030 3709 4113 qui
3777 4030 3880 4094 ad.

2342 4122 2620 4213 plenam
2653 4124 2979 4189 obscurae
3016 4125 3213 4209 hujus
3251 4126 3605 4191 doctrinae
3637 4129 3874 4213 cogni-

2340 4223 2599 4288 tionem
2686 4222 2990 4287 nondum
3089 4222 3419 4289 hactenus
3524 4220 3874 4302 suffecere,

2341 4320 2624 4406 Duplex
2655 4331 2884 4386 tamen
2921 4318 3012 4384 est
3060 4321 3630 4402 emolumentum,
3683 4324 3880 4405 quod

2349 4438 2437 4483 ex
2477 4416 2613 4482 hoc
2671 4417 3141 4504 Barthelemyi
3210 4432 3277 4484 et
3325 4418 3590 4486 Nauzei
3656 4429 3878 4486 tenta-

2351 4515 2535 4580 mine
2595 4517 3051 4604 percipimuS,
3101 4518 3400 4604 primum
3485 4519 3674 4602 quod
3755 4539 3878 4584 nu·

2347 4632 2623 4684 morum
2679 4633 3043 4683 aureorum
3107 4616 3378 4705 pondus
3428 4661 3454 4698 „
3524 4616 3637 4683 etsi
3733 4637 3882 4685 non

2888 1206 2982 1269 In.
3003 1205 3276 1291 epocha
3294 1207 3478 1274 VIII.
3528 1204 3832 1272 debitum
3887 1248 3896 1261 -
