4175 5450
496 3305 513 3315 “
625 3304 925 3370 serentis.

655 602 748 681 ,38

657 785 856 868 hujus
895 782 1157 873 generis
1188 778 1419 862 aurei,
1473 801 1644 868 quos
1680 782 1836 847 inde
1875 780 1992 847 ab
2003 802 2186 847 anno

655 885 747 949 V.
772 880 846 947 C.
851 896 1025 965 547
1053 902 1266 969 usque
1293 881 1384 945 ad
1424 882 1881 968 principatum
1917 882 1970 943 1.
2018 878 2188 944 Cae-

656 980 862 1061 saris,
915 979 1050 1045 [ive
1089 978 1357 1045 saeculo
1396 998 1532 1045 uno
1564 999 1721 1043 cum
1769 977 2056 1041 dimidio
2113 976 2184 1040 fi-

660 1089 908 1162 gnatos
940 1076 1640 1161 certoagnoscimuS,
1712 1094 1803 1139 an
1863 1086 2186 1160 poterunt

652 1172 730 1237 hi
772 1175 1097 1237 idoneum
1132 1170 1473 1257 praestare
1514 1184 2033 1258 argumentum,
2087 1173 2184 1263 1⁶⁸.

653 1291 740 1354 ge
774 1269 1072 1354 quadam
1123 1270 1473 1333 ordinaria
1524 1270 1811 1356 signatos
1859 1267 1974 1331 sub
2026 1289 2184 1332 con·

599 1424 604 1430 .
648 1366 911 1432 sufibus
954 1368 1248 1430 aureos?
1284 1352 1555 1430 Darem
1607 1365 1913 1429 lubenter
1961 1362 2181 1443 istud,

651 1462 703 1527 fi
735 1462 850 1526 vel
888 1482 1270 1548 paucorum
1302 1463 1500 1546 hujus
1539 1461 1768 1527 classis
1810 1462 2180 1525 numisma·

650 1572 799 1623 tum
836 1559 1117 1644 copiosa
1163 1556 1499 1623 exstarent
1550 1560 2035 1645 exemplaria,
2111 1571 2186 1622 ut

647 1655 934 1743 copiosa
971 1654 1229 1721 exstant
1260 1657 1330 1720 in
1368 1669 1651 1720 moneta
1694 1668 2042 1742 argentea,
2110 1669 2184 1720 at

647 1774 820 1819 vero
859 1754 1051 1816 numi
1099 1774 1334 1818 omnes
1413 1754 1650 1833 aurei,
1728 1773 1899 1840 quos
1950 1753 2179 1819 consu·

585 1902 589 1909 .
644 1851 791 1915 lum
842 1853 1053 1915 aetati
1088 1854 1233 1934 jure
1284 1850 1690 1930 tribuimuS,
1745 1864 1862 1914 aut
1920 1850 2176 1915 rarissi-

642 1949 745 2010 mi
797 1947 983 2027 sunt,
1038 1962 1194 2028 aut,
1249 1960 1324 2013 ut
1410 1947 1763 2035 appellare
1818 1948 2111 2012 solemus
2155 1993 2175 2025 ,

646 2045 856 2130 unici,
908 2066 1084 2131 quae
1121 2046 1277 2112 sane
1310 2045 1725 2131 parlimonia
1759 2058 1898 2107 tarn
1927 2065 2176 2156 parum

644 2138 845 2206 favet
879 2157 1196 2209 monetae
1229 2142 1660 2221 ordinariae,
1715 2136 2081 2226 praecipue
2104 2143 2176 2205 in

642 2249 843 2302 tanto
884 2242 1214 2326 imperio,
1268 2253 1341 2304 ut
1378 2240 1588 2302 etiam
1648 2239 2015 2325 propalam
2072 2241 2176 2304 vi-

644 2334 893 2400 deatur
924 2328 1324 2429 repugnare.

745 2434 965 2520 Ergo,
1014 2435 1318 2521 inquieS,
1374 2454 1544 2498 auro
1578 2445 1765 2498 certa
1792 2433 1941 2519 lege
1962 2431 2166 2520 [igna-

642 2540 717 2594 ιο
765 2532 986 2595 caruit
1012 2533 1453 2618 respublica?
1504 2531 1816 2617 intelligo
1842 2580 1859 2610 ,
1913 2530 1959 2595 fi
1998 2531 2170 2597 istud

641 2630 767 2691 ads
764 2648 881 2692 ero
905 2675 925 2707 ,
977 2630 1449 2694 adversabitur
1470 2631 1722 2715 quippe
1751 2649 1996 2716 agmen
2020 2651 2165 2694 eru·

576 2797 581 2804 f
626 2727 979 2808 ditorum,
1033 2749 1365 2814 quorum,
1421 2727 1607 2812 quod
1649 2728 1895 2805 sciam,
1950 2747 2165 2812 usque

634 2821 897 2887 nemini
941 2827 1028 2889 de
1079 2824 1244 2894 cusis
1282 2837 1428 2888 tum
1474 2824 1623 2907 lege
1666 2823 2015 2885 ordinaria
2046 2844 2164 2886 au-

634 2921 772 2983 reis
809 2920 1132 2984 obortum
1174 2920 1456 2983 dubium
1490 2966 1511 2997 ,
1565 2915 1974 2983 obtendetur
2011 2938 2163 2982 ora·

526 3015 531 3019 ’
631 3016 860 3078 culum
896 3017 1100 3080 Plinii
1140 3031 1577 3102 nequaquam
1613 3017 1707 3078 de·
1743 3034 1816 3078 re
1856 3028 2162 3080 moneta-

631 3112 744 3174 ria
769 3111 1118 3177 Persarum
1145 3161 1165 3192 ,
1216 3114 1540 3177 Indorum
1564 3160 1582 3190 ,
1638 3110 2161 3192 Garamantum,

628 3208 747 3272 sed
781 3210 1296 3290 Romanorum,
1348 3222 1417 3272 et
1445 3207 1811 3273 domestica
1860 3209 1975 3273 sua
2036 3210 2158 3272 dis·

1026 3307 1444 3393 Aequiesco‚
1514 3308 1725 3371 modo
1774 3305 2157 3391 probabilis

618 3401 990 3468 adferatur
1024 3405 1244 3484 ratio,
1298 3404 1463 3492 quid
1499 3402 1609 3488 fit,
1663 3404 1847 3490 quod
1893 3404 1975 3468 in*
2008 3415 2155 3467 tan·

626 3511 705 3561 ta
743 3502 1039 3587 imperii·
1063 3500 1407 3584 majestate
1423 3548 1449 3584 ,
1502 3515 1708 3587 atque
1747 3520 1790 3562 a
1818 3513 1923 3564 tot
1956 3502 2153 3566 annis

625 3598 749 3660 vix
781 3619 1041 3684 paucos
1082 3604 1222 3684 ejus
1267 3600 1426 3663 aevi
1485 3596 1864 3661 habeamus
1906 3597 2149 3662 relidu-

620 3696 751 3756 σε’.)
801 3696 1126 3761 Interiere
1186 3697 1439 3760 scilicet
1487 3696 1817 3782 temporis
1870 3698 2148 3777 injurias

612 3794 909 3877 experti.
1048 3773 1149 3858 'At
1196 3814 1371 3896 quae
1410 3794 1703 3878 tempori
1753 3793 1818 3856 in
1856 3813 2062 3857 unum
2095 3795 2148 3857 i-

619 3885 765 3951 stud
797 3910 1004 3975 genus
1020 3892 1275 3955 irarum
1317 3892 1546 3970 causa,
1600 3893 1875 3974 quando
1913 3891 2141 3954 aureis

528 3983 537 3986 “
616 3983 924 4072 Philippi
950 3988 1039 4055 ΙΙ.
1070 3988 1502 4072 MacedoniS,
1555 3989 1670 4072 qui
1703 3987 1967 4051 saeculo
2006 4006 2143 4049 uno

616 4100 704 4143 ac
739 4084 1028 4149 dimidio
1086 4086 1509 4172 praetensam
1558 4084 1790 4171 signati
1853 4086 1923 4148 in
1973 4082 2142 4146 urbe

618 4176 767 4242 auri
803 4193 1101 4245 aetatem
1142 4195 1614 4268 praevertunt,
1668 4202 1749 4245 ac
1782 4201 1949 4247 mox
1985 4180 2141 4244 Ale·

611 4278 865 4341 xandri
897 4279 1112 4344 M.·et
1154 4279 1539 4364 Lysimachi
1578 4275 1662 4343 fic
1699 4276 2027 4366 pepercit,
2068 4287 2142 4338 ut

610 4377 914 4439 nondum
952 4378 1148 4442 nobis
1185 4398 1308 4463 per
1345 4378 1618 4462 copiam
1669 4395 1752 4438 ac
1788 4375 2137 4439 ”vilitatem

606 4470 870 4546 molesti
906 4474 1033 4539 ess'e
1061 4473 1407 4538 defluant?
1457 4473 1591 4536 Sed
1619 4474 1970 4536 mittamus
1991 4489 2130 4534 ma·

1839 532 2280 657 cAPvT
2377 576 2523 654 ιν.

2264 783 2423 864 jora
2455 778 2662 843 haec
2689 798 2929 865 regna:
3010 791 3085 844 at
3144 780 3483 868 supersunt
3540 788 3802 877 copiofi

2272 877 2464 942 aurei
2510 876 3019 962 Syracusarum,
3073 876 3386 958 Tarenti,
3439 901 3521 945 ac
3578 903 3798 954 remo-

2270 973 2569 1040 tissimae
2607 974 2955 1060 CyreneS,
3007 973 3244 1060 signati
3299 996 3536 1042 omnes
3575 985 3796 1049 multo

2270 1086 2430 1136 ante
2465 1072 2723 1138 dictam
2766 1074 2958 1136 aurei
3017 1073 3089 1135 in
3124 1072 3308 1136 urbe
3332 1073 3580 1153 saeculi
3613 1093 3801 1167 epo.

2268 1169 2512 1247 cham,
2568 1183 2774 1255 atque
2856 1171 3097 1235 harum
3170 1171 3557 1241 civitatium
3619 1178 3792 1242 ditio

2270 1279 2753 1353 quotacunque
2789 1268 3067 1332 tandem
3144 1267 3374 1352 portio
3434 1269 3602 1335 vasti
3657 1275 3797 1339 Ro-

2270 1383 2628 1427 manorum
2669 1364 2990 1449 imperii?
3038 1362 3221 1451 Ergo
3261 1368 3451 1439 aurei
3502 1368 3560 1440 Ι.
3618 1366 3796 1435 Cae-

2269 1459 2472 1537 sarie,
2542 1461 2697 1527 Sex.
2784 1460 3095 1546 Pompeji
3135 1507 3157 1537 ,
3228 1457 3464 1541 Bruti,
3540 1463 3792 1555 Cassii,

2269 1556 2722 1636 IIIvirorum,
2773 1568 3148 1643 potuerunt
3206 1559 3503 1624 evadere
3561 1563 3795 1630 interi·

2265 1663 2452 1733 tum,
2496 1649 2610 1739 q'ui
2658 1653 3154 1740 praecelserunt
3226 1658 3582 1742 proxime,
3635 1682 3794 1728 -non

2264 1754 2683 1837 potuerunt?
2734 1750 2942 1835 Quod
2971 1749 3202 1833 justius
3240 1751 3373 1816 fuit
3424 1759 3784 1845 aptiusque

2260 1860 2530 1934 tempus
2563 1846 2861 1912 feriundi
2931 1849 3124 1927 auri,
3223 1869 3425 1935 quam
3489 1872 3640 1918 cum
3699 1857 3780 1923 L.

2261 1944 2496 2030 Scipio
2557 1947 2742 2010 victo
2799 1942 3145 2009 Antiocho
3233 1947 3380 2031 M„
3454 1963 3574 2014 aut
3655 1953 3781 2024 Cn.

2259 2041 2625 2129 Pompeius
2658 2043 2859 2108 victis
2889 2042 3334 2122 Mithridate,
3406 2060 3475 2109 et
3531 2049 3777 2136 Tigra·

2258 2158 2343 2201 ne
2373 2140 2583 2223 totius
2618 2138 2816 2204 Anae
2855 2159 3024 2225 opes
3065 2141 3215 2204 urbi
3253 2140 3562 2206 infudere
3592 2148 3621 2208 ἲ
3682 2151 3776 2212 At

2256 2238 2560 2322 argentei
2597 2237 2945 2323 utriusque
2986 2235 3279 2302 adfatim
3310 2236 3605 2321 exstant,
3659 2264 3778 2309 au-

2253 2352 2410 2396 reus
2450 2333 2694 2398 nullus,
2814 2335 2884 2398 Si
2926 2336 3035 2398 cui
3092 2337 3337 2398 mirum
3383 2337 3775 2423 videbitur,

2252 2426 2322 2491 in
2355 2451 2440 2494 ea
2472 2431 2656 2495 urbis
2701 2432 3048 2517 potentia,
3101 2433 3321 2519 iisque
3368 2434 3615 2522 opibus
3657 2459 3774 2502 au·

2253 2548 2403 2590 rum
2436 2530 2505 2592 in
2549 2549 2620 2591 re
2655 2529 3038 2594 monetaria
3083 2531 3513 2615 neglectum,
3565 2537 3623 2599 is
3656 2536 3773 2599 mi-

2253 2637 2440 2688 retur
2470 2626 2721 2704 etiam,
2772 2626 2957 2689 idem
2991 2623 3396 2713 institutum,
3447 2643 3770 2714 quantum

2249 2720 2578 2786 hactenus
2615 2723 3046 2812 experientia
3084 2722 3379 2806 constat,
3451 2727 3771 2814 placuiffe

2247 2819 2790 2897 AthenienfibuS,
2844 2841 3134 2905 quorum
3160 2823 3512 2908 perspecta
3533 2840 3766 2913 poten

2249 2915 2391 2993 tia,
2446 2927 2514 2978 et
2555 2915 2953 3001 facultateS,
3005 2917 3192 2982 nullo
3234 2931 3462 2984 tamen
3530 2943 3766 2990 eorum

2248 3008 2577 3078 hactenus
2626 3017 2899 3101 cognito
2933 2968 3174 3093 2aure0,
3228 3029 3295 3079 et
3342 3019 3612 3104 placere
3648 3021 3766 3085 ho·

2248 3108 2492 3195 dieque
2517 3113 2968 3196 praepotenti
3003 3113 3316 3176 Sinarum
3357 3115 3672 3201 imperio.

2344 3207 2451 3270 Ad
2495 3207 2696 3272 Plinii
2747 3210 3097 3293 oraculum
3139 3212 3320 3294 quod
3361 3214 3643 3294 attinet,
3694 3216 3765 3279 in

2248 3321 2384 3388 quo
2423 3307 2728 3369 maxima
2773 3326 2941 3369 auro
2991 3305 3277 3387 fiducia,
3349 3310 3636 3396 quaeso,
3722 3310 3794 3382 fij

2225 3400 2547 3484 ,scriptori
2589 3399 3156 3489 praestantissimo
3191 3404 3368 3469 adeo
3404 3410 3768 3493 explorata

2240 3494 2649 3584 fuitfignati
2683 3502 2850 3563 auri
2894 3501 3204 3588 epocha,
3281 3521 3399 3566 cur
3460 3505 3532 3567 in
3613 3507 3763 3570 unis

2239 3597 2478 3673 aureis,
2523 3597 2974 3662 dissimulavit
3060 3613 3604 3666 commemorare
3648 3614 3756 3685 ty-

2237 3712 2405 3780 p08,
2463 3693 2705 3776 quibus
2745 3694 2794 3756 ii
2835 3693 3115 3781 insignes
3175 3690 3409 3782 fuere,
3461 3710 3580 3762 aut
3646 3717 3760 3763 eo-

2235 3809 2386 3852 rum
2431 3790 2499 3852 in
2545 3802 2777 3876 partes
2859 3791 3295 3871 divisionem,
3380 3793 3760 3880 harumque

2232 3886 2553 3962 nomina,
2607 3887 2880 3970 quando
2923 3885 3094 3951 haec
3145 3889 3378 3952 omnia
3417 3892 3485 3954 in
3527 3912 3753 3956 mone-

2230 3995 2304 4046 ta
2342 3995 2702 4065 argentea,
2758 4003 3108 4071 aeneaque
3150 3987 3453 4051 indicare
3493 4009 3627 4054 non
3645 4010 3756 4054 ne-

2228 4079 2495 4176 gleigit?
2547 4077 2685 4142 Cur
2718 4079 2954 4146 Livius
2983 4129 3001 4158 ,
3056 4085 3172 4166 qui
3222 4083 3461 4148 diserte
3517 4084 3752 4173 fignati

2228 4177 2525 4262 primum
2564 4177 2830 4240 Romae
2890 4180 3150 4264 argenti
3201 4182 3637 4264 meminerat,
3689 4178 3757 4267 ²)

2228 4293 2381 4337 cum
2424 4273 2516 4336 ad
2556 4275 2929 4339 indicatum
2973 4295 3017 4338 a
3079 4276 3301 4340 Plinio
3351 4281 3498 4342 auri
3559 4299 3761 4344 exor-
3867 4305 3876 4308 ·

2226 4382 2368 4434 tum
2407 4371 2771 4434 deventum
2815 4370 2936 4455 est,
2990 4367 3069 4436 ne
3095 4374 3445 4438 minimam
3476 4378 3754 4460 quidem

2224 4469 2459 4555 fignati
2492 4481 2637 4531 tum
2665 4471 2815 4532 auri
2851 4469 3263 4565 menti‘onem
3286 4473 3565 4554 injecit?
3620 4472 3759 4540 Cur

670 4687 725 4753 a)
764 4685 916 4763 ΕΡίι.
955 4685 1024 4747 L,
1060 4683 1194 4738 XV.
1244 4637 1247 4640 >
