4175 5450
1252 576 1780 734 sAEBIA.
1895 583 2638 727 BARBATiA.

1605 987 2292 1117 ΒΛΕΒῙΑ

468 1279 654 1347 Gens
690 1276 1001 1369 plebeia,
1052 1281 1230 1376 cujus
1258 1299 1475 1346 nomen
1517 1277 1597 1347 ab
1658 1278 1905 1378 nubilata

372 1384 582 1450 ovium
621 1378 735 1446 bae
753 1426 774 1458 ,
827 1377 941 1445 bae
995 1377 1347 1444 derivatum
1383 1378 1633 1444 videtur
1657 1427 1678 1459 ,
1744 1400 1900 1444 ver-

371 1479 468 1545 ba
501 1478 646 1543 sunt
680 1474 1062 1541 Vaillantii.
1170 1473 1516 1540 Concinne
1541 1479 1612 1544 in
1648 1487 1898 1539 utram-
1929 1509 1932 1516 ·

2982 1125 3010 1162 ἱ

1982 1251 2125 1346 lum
2157 1280 2617 1345 denunciaret.
2669 1276 2735 1362 ι)
2831 1245 3047 1346 Filius
3092 1249 3411 1370 Marcus,
3461 1309 3511 1355 a

1982 1399 2122 1467 quo
2157 1376 2271 1440 hic
2311 1377 2628 1441 denarius
2659 1378 3035 1465 percuss'us,
3089 1381 3313 1445 consul
3344 1403 3511 1471 pro-

1981 1476 2178 1541 cessit
2207 1476 2293 1541 V.
2334 1472 2409 1538 C.
2458 1495 2626 1558 573.
2756 1473 2935 1540 Satis
2993 1479 3329 1545 remotam
3358 1491 3363 1498 ’
3393 1481 3511 1547 hie

375 1597 510 1663 que
540 1586 833 1660 partem.
939 1569 1341 1657 Cogno'men
1376 1593 1463 1658 εξ
1490 1575 1711 1637 numis
1761 1573 1898 1635 Ro·
1978 1592 2225 1639 numus
2290 1570 2497 1657 spirat
2554 1572 3072 1658 antiquitatem,
3155 1588 3230 1639 ut
3301 1575 3513 1643 facile

369 1674 595 1738 manis
643 1667 965 1756 Tampilus
984 1716 1004 1747 ,
1059 1661 1385 1750 ἀρχαΐκως
1418 1690 1560 1757 ριό,
1593 1667 1896 1755 Tamphi-

369 1770 505 1852 lus,
581 1766 1164 1853 quemadmodum
1254 1769 1461 1830 etiam
1537 1759 1619 1833 in'
1678 1766 1902 1831 numis

345 1863 843 1936 TRlvMva
878 1882 1007 1950 pro
1035 1861 1594 1932 TRIVMPHVS.
1700 1862 1902 1949 Apud

374 1966 714 2049 Nepotem
756 1961 826 2025 in
876 1962 1026 2025 vita
1061 1960 1271 2023 Attici
1325 1959 1403 2036 fit
1474 1960 1733 2025 mentio
1784 1960 1904 2023 do·

372 2080 528 2126 mus
566 2057 1100 2146 Tamphilianae
1132 2103 1153 2137 ‚
1206 2076 1386 2142 quae
1416 2054 1588 2123 stetit
1614 2059 1687 2122 in
1739 2056 1903 2142 Qui·

269 2149 278 2160 ’
371 2156 597 2223 rinali.

665 2249 1055 2366 ssAMPIL.
1107 2247 1311 2335 Caput
1339 2247 1624 2317 PaHadis
1634 2250 1899 2331 alatum,

373 2450 478 2514 M.
512 2343 1060 2523 ΒΑέἶῖῗαΩὶῗοΐ.
1103 2436 1331 2523 Apollo
1379 2438 1588 2506 nudas
1638 2444 1706 2506 in
1759 2443 1904 2505 citis

370 2542 714 2634 quadrigis
743 2537 1069 2604 &ramum
1088 2582 1108 2612 ‚
1140 2536 1197 2623 J]
1219 2554 1434 2600 arcum
1457 2583 1478 2615 ,
1529 2536 1715 2623 infra
1746 2536 1900 2601 Ro-

373 2642 542 2708 MA.
640 2638 721 2701 In
754 2634 1046 2699 denario.
1084 2645 1314 2731 cetera
1361 2632 1697 2697 simillimo
1759 2653 1902 2698 mu·

370 2739 463 2804 rei
545 2733 862 2801 Caesarei
932 2728 1066 2795 est:
1137 2731 1239 2795 M.
1325 2731 1624 2796 BAEBI.
1683 2732 1783 2798 M.
1818 2731 1898 2797 F.

372 2837 522 2902 AR.
560 2834 646 2900 R.

669 2925 875 3014 Caput
901 2928 1104 2993 lovis.

373 3026 663 3096 TAMP.
719 3028 823 3109 (in
850 3019 1421 3109 monogrammate)
1479 3022 1774 3090 Victoria
1803 3043 1903 3090 co·

372 3140 628 3197 ronam·
661 3132 1026 3215 tropaeum,
1075 3121 1256 3207 infra
1318 3119 1617 3189 ROMA.
1690 3120 1912 3211 (Mus.-

375 3223 580 3291 Com.
619 3217 913 3301 Vitzai.)
964 3218 1111 3283 AR.
1134 3217 1411 3281 RRRR.

475 3321 566 3404 Q.
601 3315 902 3381 Baebius
974 3313 1384 3400 Tamphilus
1434 3327 1634 3399 pater
1681 3315 1909 3379 Marci

376 3420 566 3482 circa
603 3433 855 3478 annum
901 3412 988 3475 V.
1020 3404 1100 3475 C.
1141 3429 1315 3496 535.
1348 3407 1455 3472 bis
1498 3411 1591 3475 ad
1634 3411 1907 3474 Poenos

376 3496 646 3598 legatus
668 3556 689 3587 ,
741 3520 817 3569 ut
854 3526 1010 3571 cum
1043 3504 1150 3568 his
1195 3506 1282 3567 de
1337 3516 1736 3590 oppugnato
1809 3507 1908 3569 in·

370 3606 542 3696 juste
572 3604 875 3693 Sagunto
916 3598 1412 3701 expostularet,
1465 3600 1711 3666 deinde
1769 3598 1909 3663 bel·

1983 1670 2199 1757 possit
2259 1668 2504 1733 vicinis
2592 1669 3033 1757 temporibus
3116 1691 3511 1759 congruere.

1981 1765 2275 1831 Abunde
2308 1760 2698 1830 Hardtiinus
2736 1765 3112 1833 deridiculo
3134 1767 3510 1836 fuiterudi-

1985 1866 2101 1942 tis,
2153 1862 2430 1949 quando
2470 1861 3004 1948 repugnantibus
3039 1865 3147 1932 his
3186 1867 3513 1953 denariis,

1985 1958 2492 2037 marmoribus,
2544 1959 3118 2046 scriptoribusque
3172 1962 3524 2036 Baebium,

1983 2043 2192 2122 Plinii
2229 2056 2327 2120 sui
2373 2073 2514 2120 non
2574 2058 3130 2143 cognominatum
3180 2047 3516 2143 Tamphi-
3622 2119 3633 2126 ,

1983 2155 2127 2219 lum
2151 2201 2172 2234 ,
2222 2153 2336 2218 sed
2375 2151 2810 2239 Pamphilum
2848 2156 3291 2241 pertinaciter
3326 2155 3517 2220 adse-

1983 2253 2165 2332 ruit,
2216 2263 2285 2315 et
2320 2250 2585 2314 denarii
2639 2249 2836 2334 hujus
2886 2252 3100 2316 literis
3131 2251 3519 2321 TAMPIL.

1984 2346 2238 2410 sensum
2302 2345 2614 2433 adpingit
2645 2395 2663 2425 ,
2738 2370 2938 2435 quem
3005 2346 3261 2415 nonnifi
3335 2339 3519 2415 febri

1987 2443 2312 2526 correpti,
2363 2460 2519 2505 cum
2560 2447 2860 2510 maxime
2895 2446 3211 2525 delirant,
3262 2447 3514 2534 adpro-

1989 2533 2331 2606 baverint.
2378 2524 2439 2615 ¹’)

2724 2633 2760 2668 ss·

2542 2681 2576 2716 ἅ

2083 2729 2255 2796 Sunt
2282 2729 2493 2795 etiam
2542 2733 2741 2796 aenei
2777 2687 3017 2800 affaies
3065 2713 3363 2826 inscripti
3407 2741 3518 2813 M.

1983 2828 2279 2915 ΒᾼΕΒῙ.
2312 2828 2502 2915 typis
2546 2827 2780 2896 solitis.
2877 2831 3022 2898 ΑΕ.
3074 2833 3227 2899 RR.
3308 2824 3320 2833 ’

2606 3054 2613 3059 .
2748 3025 2786 3060 ’Β
2986 3036 2997 3053 ¹

2569 3072 2602 3108 Β
2926 3075 2963 3110 ’Β

2082 3119 2383 3206 Reliqua
2413 3122 2828 3207 cognomina
2852 3121 3051 3209 hujus
3075 3125 3315 3211 gentis,
3339 3147 3519 3214 quae

1983 3217 2361 3302 antiquarii
2406 3238 2493 3282 ex
2552 3220 2979 3284 coloniarum
3017 3224 3240 3287 numis
3277 3225 3515 3293 hause-

1983 3334 2061 3378 re
2083 3363 2105 3394 ‚
2156 3314 2289 3380 huc
2366 3316 2646 3402 proprie
2726 3335 2865 3380 non
2920 3319 3283 3403 pertinent.
3407 3324 3522 3391 De

1992 3412 2397 3497 cognomine
2430 3411 2737 3498 Rifiicelii
2764 3431 2854 3475 ex
2884 3433 3094 3480 numo
3128 3420 3310 3502 genti
3346 3419 3519 3486 Bae-

1988 3503 2149 3569 biae
2187 3527 2553 3595 perperam
2584 3528 2631 3572 a
2673 3507 2935 3575 Liebeo
2979 3508 3235 3578 adficto
3277 3529 3520 3603 agetur

1985 3600 2063 3666 in
2100 3614 2298 3689 gente
2332 3602 2720 3707 Rusticelia.
3436 3648 3439 3655 ·

1477 3936 2424 4063 BARBATIA

379 4272 388 4281 ’
473 4286 589 4353 De
637 4287 863 4356 numis
914 4282 1140 4354 dubiis
1188 4281 1386 4368 hujus
1434 4284 1654 4371 gentis
1690 4254 1870 4350 ‘vide‘
1903 4280 2100 4351 infra
2148 4283 2219 4353 in
2268 4283 2571 4365 Valeria.

387 4802 392 4809 ,
456 4745 516 4814 a)
550 4744 673 4800 Liv.
708 4744 774 4799 1..
809 4745 978 4810 xxl.
1011 4730 1076 4808 es
1092 4752 1145 4807 6.
1175 4762 1238 4807 et
1263 4762 1358 4816 ιε.

1554 4750 1617 4822 b)
1650 4747 1728 4805 ιιι
1762 4748 1907 4807 run.
1939 4711 2010 4815 i..
2047 4750 2213 4809 xm.
2250 4750 2284 4822 ς
2320 4766 2409 4820 27.

3264 637 3645 749 ,ιη’
