4175 5450
685 609 838 678 228,

792 789 1137 877 Quoniam
1199 791 1597 858 Paull'orum
1660 805 1727 858 et
1789 791 2217 878 Lepidorum

650 910 1012 977 ,magnum
1066 888 1197 955 fuit
1238 891 1398 954 inde
1463 911 1509 955 a
1568 892 1905 979 principio
1961 886 2219 953 saeculi

693 991 781 1053 V.
830 987 908 1051 C.
941 987 1124 1062 vul,
1165 1007 1460 1065 nomen,
1487 989 1670 1075 iique
1702 986 1818 1075 ipfi
1845 984 2219 1051 Caesarum.

692 1085 931 1149 domui
976 1083 1274 1162 adfines,
1335 1103 1472 1149 non
1551 1083 1885 1162 alienum,
1961 1081 2218 1148 horum·

690 1192 959 1268 gentem
1003 1181 1331 1246 hocloco
1378 1181 1742 1267 aliquanto·
1799 1179 2219 1268 explicatius

689 1296 1121 1364 proponere,
1172 1279 1541 1366 praecipue
1592 1300 1746 1344 cum
1801 1285 1883 1340 eo
1962 1278 2209 1360 numi,

689 1394 862 1459 quos
897 1374 1563 1462 explicatumimm,
1614 1376 1836 1440 lucem
1902 1386 2208 1437 mutuen-

686 1481 834 1535 tur..
921 1472 997 1534 In
1043 1490 1127 1535 eo
1167 1485 1566 1560 argumento
1595 1475 1858 1537 erudite
1903 1471 2205 1534 versatus

685 1569 824 1649 jam
863 1564 951 1629 est
1000 1568 1337 1650 Not-ilius,
1390 1569 1640 1655 ⁸)=etfi
1714 1570 1785 1634 in
1858 1567 2215 1631 nonnullis-

687 1664 1021 1728 diss'entire
1070 1685 1304 1752 cogar.

781 1759 862 1827 L.
895 1762 1263 1825 Aemilium
1307 1762 1620 1829 Paullum
1666 1763 1863 1850 supra
1897 1762 2201 1825 vidimus

687 1856 1023 1922 consulem
1074 1861 1156 1924 V.
1192 1857 1270 1926 C.
1343 1873 1484 1944 704
1522 1863 1763 1946 grandi
1812 1861 2107 1944 pecunia
2156 1879 2211 1924 a

680 1950 966 2020 Caesare
1010 1969 1442 2042 corruptum,
1513 1970 1580 2020 et
1649 1956 1962 2021 basilicae
2039 1956 2199 2019 suae

678 2050 1147 2115 architectum.
1247 2055 1418 2115 Eum
1470 2052 1774 2117 Noriflus
1832 2072 2195 2139 perperam

677 2147 951 2210 videtur
982 2146 1378 2214 constituere
1424 2146 1720 2214 fratrem.
1767 2152 1861 2213 Μ.
1919 2149 2198 2212 Aemilii

631 2240 925 2330 >Lepidi
960 2243 1190 2308 Inviti
1223 2245 1597 2309 abeodem
1622 2245 1755 2312 hoc
1789 2245 2004 2309 fratre
2038 2264 2196 2331 pro·

675 2337 1039 2423 scriptum,
1094 2351 1162 2403 et
1210 2343 1564 2406 censorem·
1600 2343 1691 2407 ab
1750 2339 2044 2427 Augusto
2108 2344 2207 2406 V..

1938 582 2565 668 AEMILIA..

2306 810 2471 855 vum
2504 788 2753 880 Lepidi
2812 791 3051 859 mvi-rt
3113 787 3421 859 fratrem.
3471 789 3533 878 ⁶)
3629 791 3838 860 Id'enr

2303 885 2438 951 fuit
2476 891 2721 958 eodem
2769 893 3039 975 judice,
3093 909 3293 975 quem
3334 886 3553 953 frater
3610 890 3825 954 Invit

2300 984 2479 1050 inter.
2509 988 2920 1076 proscriptos
2941 985 3179 1054 referri
3209 983 3293 1049 efl
3329 984 3592 1070 pass'us-
3631 988 3821 1051 Idem

2304 1080 2551 1150 deinde
2586 1088 2671 1151 V.
2712 1084 2789 1151 C.
2838 1102 2979 1168 720
3031 1084 3260 1149 consul
3313 1081 3671 1160 mffeetus,
3747 1095 3823 1147 ut

2301 1177 2447 1243 dixi
2468 1228 2501 1258 ,.
2568 1185 2911 1269 porticum
2987 1181 3351 1272 Aemiliam
3433 1181 3822 1265 dedicavit,

2303 1274 2522 1340 dictus
2556 1279 2770 1345 Dioni
2808 1279 3137 1346 Aemilius
3174 1277 3471 1370 Lepidus
3514 1277 3826 1360 Paullus,

2302 1376 2491 1456 cujus
2535 1377 2921 1442 consulatus
2941 1374 3199 1440 suffecti
3228 1376 3677 1438 meminerunt
3696 1376 3814 1437 eti-

2300 1488 2413 1532 am
2460 1492 2811 1539 marmora
2851 1476 3027 1554 duo,
3078 1492 3366 1557 quorum
3409 1491 3615 1535 unum
3653 1472 3821 1535 reci-

2295 1578 2401 1629 tat
2432 1567 2748 1655 Pighius:
2803 1561 2868 1655 11)
2930 1570 3012 1634 L.
3082 1567 3684 1642 SEMPRONIVS.
3733 1566 3814 1636 L.

2296 1663 2858 1734 SCRIBONIVS.
2913 1664 3140 1752 (fuere
3169 1666 3241 1729 hi
3279 1668 3419 1746 ejus
3461 1667 3620 1728 anni
3657 1685 3821 1730 con·

2295 1761 2467 1825 sules
2506 1765 2876 1841 ordinarii,
2928 1777 3049 1827 aut
3084 1762 3316 1827 saltem
3375 1761 3623 1826 horum
3673 1764 3816 1850 pri-

2298 1857 2413 1942 or)'
2458 1879 2624 1923 mox
2656 1862 2970 1925 additur:
3026 1860 3322 1925 K..1VL.
3354 1858 3621 1923 PAVL.
3663 1860 3811 1922 AE-

2298 1955 2626 2023 MILIVS
2653 2004 2673 2036 ,
2726 1958 2911 2045 quod
2977 1955 3385 2043 postremum
3454 1956 3523 2019 in
3593 1957 3811 2020 altero

2297 2072 2682 2132 marmore,
2733 2055 2850 2118 nili
2884 2052 3065 2118 forte
3105 2055 3286 2118 idem
3320 2051 3408 2118 est
3441 2072 3593 2136 curn
3628 2056 3810 2138 prio-

2291 2170 2411 2228 re,
2462 2150 2547 2215 Iic
2590 2165 2905 2217 notatur:
2956 2152 3037 2218 K.
3074 2150 3252 2216 IVL.
3309 2152 3385 2216 P.
3452 2150 3812 2214 AEMILI-

2291 2247 2423 2312 VS.
2477 2247 2541 2329 θ)
2640 2249 2997 2315 Habemus
3070 2268 3249 2333 ergo·
3302 2247 3556 2311 circum
3620 2247 3803 2312 banc

2287 2356 2601 2410 aetatem-
2633 2345 2998 2411 Aemilium
3029 2347 3239 2410 alium
3268 2342 3612 2420 illustrem,
3663 2362 3809 2409 cer·

673 2431 751 2500 C.
784 2453 916 2518 732
953 2439 1401 2503 nominatum.
1469 2439 2190 2523 .Praeterquam.enim
2286 2453 2353 2506 te
2392 2444 2481 2508 ab
2521 2443 2816 2508 Aemilio
2865 2442 3224 2508 Noriliano
3260 2439 3595 2505 diversum
3618 2485 3638 2517 ‚
3690 2443 3827 2527 qui?

671 2531 852 2614 quod
893 2532 1220 2597 non-satis
1261 2537 1577 2599 videatur
1604 2534 1984 2612 verisimile,
2009 2556 2205 2614 eum,
2280 2538 2612 2625 posterior
2640 2561 2858 2624 neque
2895 2540 3144 2624 Lepidi
3175 2536 3643 2624 nomen-tulit,
3692 2558 3825 2604 ne·-

670 2627 785 2711 qui
820 2629 1046 2695 consul
1074 2632 1157 2695 V.
1202 2631 1277 2698 C.
1316 2645 1459 2713 704
1487 2629 1658 2711 fuit,
1714 2629 1857 2718 post
1876 2633 2188 2697 XXVIII.
2285 2655 2421 2720 que
2457 2637 2679 2703 Paulli
2732 2638 3008 2702 nomine
3048 2636 3119 2699 in
3164 2654 3585 2721 praenomen
3651 2635 3815 2700 usus,

666 2744 882 2788 anuos
916 2729 1199 2812 potuiss'e
1249 2729 1474 2793 adhuc
1545 2729 1825 2809 molesto
1869 2731 2188 2795 censurae
2283 2731 2415 2813 est,
2471 2738 2721 2823 quique
2771 2748 2917 2798 tum
2981 2733 3208 2799 adhuc
3271 2744 3558 2820 vegetae
3611 2745 3815 2796 aeta--

666 2822 944 2908 negotio
983 2843 1235 2888 vacare
1260 2872 1280 2903 ,
1347 2826 1728 2913 scrupulum
1790 2830 1998 2891 etiam
2035 2829 2186 2907 inji-
2282 2833 2371 2894 tis
2413 2833 2728 2896 censurae
2764 2832 2912 2895 XII.
2952 2831 3157 2896 serius
3192 2832 3407 2895 annis.
3442 2829 3815 2897 obeundae.

666 2918 759 2979 eit
795 2917 931 2982 Dio
961 2967 981 2997 ,
1035 2922 1150 3003 qui
1196 2918 1443 3001 refert,
1494 2925 1574 2988 VS
1617 2920 1693 2985 C.
1741 2941 1879 3003 720
1920 2922 2012 2985 ab
2063 2930 2186 2986 Ae·
2278 2927 2583 2995 idoneus.
2613 2927 2821 2992 facile
2860 2926 3033 2992 suit..

664 3012 856 3075 milio
889 3015 1172 3100 Lepido·
1203 3018 1448 3080 Paullo
1491 3019 1557 3082 ln
1595 3020 1940 3083 consulatu
1987 3018 2192 3084 suffe-
2377 3028 2461 3088 V.
2496 3023 2573 3090 C.
2625 3044 2760 3108 732
2804 3025 3170 3089 exercuisse
3210 3022 3554 3089 censuram
3595 3025 3811 3092 Pauli·-

663 3119 772 3173 (tto
826 3108 1215 3177 dedicatam
1276 3111 1622 3178 basilicam
1681 3115 2067 3184 Aemiliam.
2122 3105 2183 3199 b)
2271 3121 2411 3185 lum
2452 3121 2816 3187 Aemilium
2851 3121 3191 3207 Lepidum
3216 3120 3506 3207 conlega
3539 3121 3623 3191 L.
3642 3125 3819 3189 Mu·-

664 3202 735 3266 Si
775 3205 973 3268 vivus
1020 3206 1245 3269 adhuc
1279 3220 1420 3270 tum
1471 3209 1550 3272 L.
1602 3212 1929 3278 Aemilius
1973 3213 2179 3278 Paul·
2273 3218 2463 3280 natio
2499 3218 2797 3295 Planco,
2868 3217 3110 3282 diserte
3193 3219 3428 3305 prodit
3506 3220 3683 3301 Dio,
3735 3212 3813 3305 f)

513 3333 524 3342 κ
661 3296 802 3376 lus,
857 3322 975 3365 cur
1020 3303 1242 3366 isnon
1288 3305 1424 3387 ipse
1470 3325 1685 3391 opus,
1738 3311 1925 3392 cujus
1958 3310 2197 3375 archi-.
2276 3334 2477 3397 quem
2535 3312 2726 3378 fuifl'e
2780 3314 2935 3379 sane
3003 3317 3342 3399 eundem,
3413 3317 3528 3400 qui
3566 3320 3659 3383 ·V.
3709 3317 3805 3383 C..
3868 3342 3875 3348 ·

660 3405 874 3463 tectus
906 3396 1183 3478 exstitit,
1240 3402 1628 3482 dedicavit,
1681 3403 1789 3468 sed
1844 3404 2176 3476 summum
2274 3430 2413 3491 720
2448 3409 2578 3476 fuit
2622 3411 2903 3490 consul,
2941 3411 3089 3498 ipsa
3169 3412 3456 3479 nomina
3511 3414 3807 3481 demonv-

658 3489 838 3557 huno
870 3493 1220 3561 honorem·
1245 3497 1443 3563 alteri
1486 3518 1572 3563 ex
1614 3501 1725 3595 su)
1762 3517 1959 3588 gente
2019 3509 2172 3573 reli·

659 3589 862 3675 quit?:
953 3593 1179 3659 Alium
1216 3595 1428 3680 igitur
1468 3597 2172 3671 AemiliumPaullum
2248 3674 2262 3682 ,

660 3686 1315 3774 circumspiciamus,
1366 3691 1495 3759 cuis
1542 3700 1991 3781 opportunius
2043 3725 2169 3784 ea,

2362 3606 2524 3690 Ejus
2557 3603 3093 3670 uxorCornelia.
3194 3603 3510 3671 Fuit-filia
3529 3608 3605 3672 P.
3623 3608 3813 3675 Cor..

2264 3703 2425 3766 nelii
2458 3702 2793 3789 Scipionis
2832 3717 2899 3767 et
2944 3702 3370 3770 Scriboniae.
3480 3710 3565 3768 At
3614 3706 3790 3772 Scri-

659 3800 835 3864 quae
863 3786 1162 3850 Norisius
1200 3789 1287 3850 in·
1320 3788 1401 3852 L.
1456 3792 1796 3859 Aemilum
1855 3796 2189 3869 Paullum-

657 3884 1010 3967 oongerit„
1046 3898 1461 3971 competant.
1835 3940 1840 3949 .

751 3980 1115 4042 Aemilium
1153 3982 1340 4044 illum
1364 4029 1384 4060 ‚
1439 4006 1639 4070 quem
1674 3986 1870 4072 liipra
1898 3991 2041 4056 dixi
2076 3993 2183 4056 ab·-

654 4073 873 4143 altero
918 4078 1209 4142 Aemilio
1241 4080 1671 4166 adoptatum,
1728 4097 1808 4147 et·
1838 4106 1958 4170 per
1990 4078 2166 4153 banc

655 4172 1096 4256 adoptionem
1158 4176 1414 4245 dictum
1457 4180 1771 4243 Paullum
1809 4185 2188 4249 Aemilium-

655 4267 1058 4355 Lepidum.,.‚
1079 4272 1354 4359 Pighius
1397 4276 1616 4341 censet
1647 4276 1856 4347 fuisse,
1893 4282 2163 4367 adopti-

2265 3799 2547 3863 boniam
2627 3801 2878 3862 marito
2954 3800 3322 3865 abductam
3385 3802 3583 3866 duxit
3644 3804 3813 3890 ipse-

2267 3896 2690 3960 Octavianus
2729 3898 2810 3961 V.
2868 3893 2944 3960 C.
2997 3908 3183 3976 714,
3233 3902 3290 3975 ⁸)
3354 3895 3642 3982 fuitque·
3696 3922 3811 3969 exe

2263 4012 2346 4054 ea
2380 4002 2579 4076 pater
2620 3991 2835 4056 Iuliae
2870 3992 3279 4072 clarissimis,
3333 4013 3633 4081 quos-‘ea
3669 4018 3809 4061 aeo.

2261 4099 2368 4151 tas
2404 4087 2684 4166 habuit,
2737 4091 2928 4168 viris,
2980 4090 3354 4169 Marcello,
3414 4094 3813 4178 Agrippae,=
3868 4098 3877 4105 “
3946 4138 3979 4160 s

2263 4185 2551 4249 Tiberio
2646 4188 3084 4250 matrimonio
3162 4191 3460 4273 junctae.
3595 4190 3811 4276 Ergo·-

2261 4279 2580 4350 Cornelia
2628 4303 2774 4370 per·
2832 4283 3147 4351 sororem.
3218 4286 3474 4351 Iuliam.
3541 4288 3813 4375 domui.

655 4460 3745 4497 Μ

715 4535 771 4598 a)
809 4534 1003 4589 Cenot.
1038 4534 1143 4595 Pis,
1183 4535 1294 4592 diff.
1333 4538 1406 4589 11.
1446 4557 1491 4591 c.
1535 4557 1616 4613 ²3.-

639 4600 704 4727 ἐ)
724 4605 895 4731 <gum
930 4607 1237 4667 Tom..1u·
1273 4625 1341 4685 p,-
1373 4621 1522 4677 404..

1844 4542 1902 4606 b)
1941 4529 2008 4599 ι’.
2057 4550 2267 4602 xux.
2317 4570 2365 4614 ο,
2423 4565 2514 4619 42.

1694 4614 1749 4680 e.)
1781 4613 1979 4672 Gruter
2013 4631 2269 4695 penem.
2305 4638 2380 4681 2..

2706 4554 2756 4621 e)
2793 4554 2944 4606 Anu.
2981 4556 3149 4618 Tem.
3186 4556 3296 4617 m.
3334 4536 3813 4678 p.⁴'495·et.ii5z.

2550 4621 2599 4695 5)
2636 4622 2889 4682 L..L1v.
2928 4640 3091 4689 c.,2.,
3256 4628 3315 4703 g)
3348 4624 3597 4681 Suet-,m
3687 4642 3821 4699 uffl-
