4175 5450
723 600 879 692 276.

2008 585 2555 666 COELIA.

695 800 813 890 se·
860 808 934 866 ut
972 797 1345 884 opprimeret
1381 795 1447 864 C.
1488 794 1842 882 PopiHum,
1891 791 2146 886 nocuss‘e
2184 801 2243 859 et
2327 788 2631 856 desidero
2657 789 3047 879 exemplum
3096 790 3389 855 nominis
3432 788 3629 856 unius
3682 776 3840 875 ejus-

715 901 877 984 ret‘p.
979 897 1342 961 Vidimus‘
1324 919 1390 961 m
1427 895 1726 960 denariis
1768 891 2004 958 Cassii'
2027 891 2243 956 tabel-

715 996 860 1060 l‘ae.
903 993 1295 1080 inscriptum
1354 998 1435 1057 A.
1510 992 1578 1057 C.
1629 992 1701 1054 id
1755 989 1885 1055 est:
1987 988 2248 1077 Absolve

725 1090 1079 1160 Condemno
1103 1138 1123 1168 ‚
1177 1103 1248 1153 at
1283 1092 1350 1152 in
1383 1090 1489 1153 his
1528 1089 1607 1152 L.
1646 1088 1733 1151 D.
1762 1089 1831 1151 id
1873 1087 1997 1153 est:
2054 1087 2248 1150 Libe-

647 1231 658 1242 ·
717 1212 797 1256 ro
857 1190 1147 1263 Damno,
1222 1188 1308 1250 de
1376 1205 1511 1271 quo
1583 1186 1744 1248 vide
1810 1186 2011 1272 plura
2061 1183 2248 1270 apud

721 1286 1060 1371 Pighium.
1115 1281 1181 1364 ⁸)
1283 1273 1389 1346 Ea
1423 1284 1570 1367 lege
1606 1275 1898 1365 gratiam
1937 1303 1982 1346 a
2031 1287 2247 1374 popu-

719 1381 794 1446 lo
833 1382 1067 1463 inivit,
1117 1376 1558 1471 factum‘que,
1611 1392 1685 1443 ut
1735 1379 1802 1441 in
1865 1380 2247 1444 consulatus

720 1477 1057 1564 petitione
1095 1480 1177 1540 V.
1219 1475 1295 1539 C.
1352 1459 1491 1539 660
1546 1476 1682 1564 ipse
1746 1476 1960 1541 homo
2025 1494 2246 1540 novus

723 1574 1132 1640 candidatos
1190 1572 1364 1637 alios
1435 1569 1664 1637 facile
1691 1573 2079 1659 superaret,
2174 1582 2251 1633 ut

717 1673 968 1737 iterum
1007 1666 1284 1733 testatur
1346 1668 1612 1734 Cicero.
1662 1658 1722 1750 1’)
1823 1671 2087 1734 Exinde
2144 1669 2247 1731 vi-

600 1825 604 1830 .
715 1769 917 1831 detur
953 1766 1175 1829 missus
1217 1785 1342 1852 pro
1393 1767 1661 1832 consule
1715 1769 1783 1831 in
1835 1768 2244 1854 Hispanias,

719 1875 789 1928 et
815 1875 958 1927 tum
997 1864 1319 1926 virtutem
1344 1864 1709 1952 militarem
1747 1864 2244 1950 comprobasse,

715 1961 907 2045 quod
948 1959 1329 2025 tacentibus
1373 1958 1701 2028 historicis
1748 1963 1996 2025 docent
2031 1962 2243 2038 numi,

713 2057 784 2121 :in
820 2054 1064 2140 quibus
1099 2057 1428 2120 vexillum
1473 2077 1628 2121 cum
1667 2058 2013 2122 vocabulo
2059 2071 2246 2121 trun-

713 2168 874 2219 cato
924 2153 1288 2239 HISpania,
1341 2165 1409 2217 et
1438 2174 1634 2217 arma
1670 2156 2060 2241 Hispanica.
2131 2155 2243 2219 Ad

717 2251 1007 2314 eandem
1053 2253 1400 2337 regionem
1437 2253 1729 2335 pertinet
1762 2253 1971 2315 etiam
2028 2272 2199 2339 aper
2221 2247 2257 2332 ,'

719 2349 835 2433 qui
876 2347 1119 2410 eodem
1183 2349 1394 2412 modo
1461 2365 1547 2411 ex
1608 2345 1829 2414 hastili
1894 2349 2242 2436 praefixus

715 2440 1010 2529 gestatur
1046 2442 1166 2507 ab
1149 2446 1403 2527 equite
1460 2446 1530 2507 in
1587 2464 1793 2508 numo
1870 2446 2242 2532 Hispanico

667 2583 686 2644 3
717 2541 903 2624 apud
953 2539 1369 2605 Morellium.
1422 2538 1482 2622 e)
1579 2542 1686 2604 Ex
1743 2543 1965 2605 numia
2020 2541 2244 2607 Cluni-

713 2657 802 2701 ae
844 2657 889 2700 a
934 2636 1252 2703 Florezio
1295 2639 1593 2723 vulgatis
1630 2652 1944 2727 apparet,
1998 2659 2246 2725 aprum

713 2733 906 2817 fuisse
947 2735 1145 2818 hujus
1184 2735 1368 2799 urbis
1404 2735 1676 2821 insigne,
1728 2737 1923 2821 super
1963 2758 2101 2821 quo
2133 2758 2247 2800 ar-

655 2818 1043 2942 ‘'Qmento
1090 2835 1248 2897 vide
1287 2837 1519 2907 etiam,
1573 2853 1749 2916 quae
1794 2854 1840 2896 a
1878 2854 1984 2896 me
2022 2837 2093 2896 in
2132 2855 2245 2897 nu·

718 2932 852 3017 mis
889 2931 1283 2993 autonomis
1316 2926 1581 2992 Galbae
1633 2927 1902 3015 Augusti
1937 2931 2246 2993 disseren-

717 3035 876 3115 tur
903 3037 998 3087 et
1037 3027 1222 3087 dicta
1265 3030 1401 3134 jam
1437 3023 1573 3086 sunt
1611 3026 1701 3088 ad
1755 3027 2034 3089 eosdem
2088 3025 2249 3090 Clu·

711 3120 876 3187 niae
907 3138 1201 3196 numos,
1254 3132 1319 3182 et
1357 3122 1425 3181 in
1465 3120 1965 3205 prolegomenis
2002 3125 2089 3186 ad
2128 3142 2245 3186 nu·

718 3235 875 3279 mos
912 3198 1206 3290 Galliae.
1327 3214 1557 3298 Quare
1613 3219 1873 3282 animal
1945 3216 2119 3282 istud
2178 3221 2244 3283 in

720 3308 942 3375 Coelii
980 3300 1197 3377 amnis
1235 3311 1554 3399 signatum
1605 3311 1788 3377 forte
1837 3319 2246 3379 memoriam

599 3444 602 3445 ν
637 3464 644 3469 .
716 3420 1007 3473 revocat
1056 3408 1339 3473 Cluniae
1376 3410 1467 3474 ab
1510 3412 1755 3473 eo'dem
1810 3426 1930 3476 aut
1969 3427 2241 3499 captae,

723 3518 845 3569 aut
887 3508 978 3570 ad
1012 3506 1406 3591 obsequium
1439 3509 1787 3585 reductae,
1840 3522 1960 3574 aut
1979 3510 2245 3597 insignis

720 3599 893 3667 facti
929 3606 1015 3685 ad
1058 3625 1212 3679 eam
1248 3603 1480 3667 urbem
1529 3607 1831 3690 patrati,
1884 3609 2064 3691 quod
2105 3610 2243 3671 dis-

720 3711 948 3763 cutere
983 3673 1554 3787 supervacaneum
1617 3702 1998 3767 tacentibus
2044 3702 2247 3766 histo·

717 3794 905 3862 ricis.

824 3894 901 3955 In
953 3892 1187 3957 aversa
1228 3846 1454 3956 sistitur
1505 3892 1586 3957 C.
1614 3846 2012 3963 CALDVS.
2053 3896 2245 3961 IMP.

720 3992 809 4057 A.
863 3991 988 4067 X.,
1040 4009 1241 4070 quam
1278 3990 1780 4075 inscriptionem
1829 3988 2246 4056 Havercam·

720 4108 852 4174 pus
891 4087 979 4150 ad
1016 4087 1302 4149 eundem
1342 4086 1633 4151 Caldum
1668 4109 1810 4155 cos.
1831 4093 2095 4173 ,cujus
2140 4108 2249 4151 ca-

2330 889 2621 973 demque
2667 890 2793 955 viri
2828 890 2892 953 in
2942 895 3230 974 utraque
3273 891 3457 953 numi
3496 888 3679 953 facie
3732 911 3842 953 ex-

2331 986 2563 1072 pressi.
2666 986 2994 1073 Quisquis
3037 1006 3198 1073 ergo
3235 985 3369 1049 fuit
3402 985 3517 1049 hic
3573 984 3842 1068 Caldus,

2292 1104 2421 1163 ‘ex
2467 1084 2841 1171 epigraphe
2893 1097 3151 1148 certum
3217 1082 3333 1161 fit,
3420 1081 3611 1145 fuisse
3695 1103 3840 1147 eum

2332 1173 2809 1245 IMPeratorem
2827 1231 2848 1265 ,
2916 1186 3239 1265 Augurem
3258 1227 3277 1257 ,
3346 1182 3618 1246 Xvirum
3670 1182 3846 1264 agris

2330 1277 2695 1344 dividundis
2733 1326 2754 1358 ‚
2833 1297 3122 1364 cumque
3181 1277 3554 1364 epigraphe
3637 1277 3840 1341 literis

2330 1375 3009 1459 perpendicularibus
3079 1373 3436 1437 secundum
3490 1374 3844 1461 longitudi-

2330 1492 2487 1534 nem
2529 1484 2975 1557 tropaeorum
3012 1482 3300 1534 exarata
3335 1469 3409 1532 fit
3433 1516 3453 1547 ‚
3507 1483 3833 1556 apparet,

2330 1570 2420 1632 ad
2450 1569 2628 1632 hunc
2677 1567 2753 1632 C.
2792 1567 3084 1632 Caldum
3141 1567 3287 1653 ipsa
3332 1566 3506 1629 haec
3561 1580 3843 1652 tropaea

2329 1669 2712 1750 pertinere,
2767 1679 2831 1728 et
2883 1665 3118 1738 adludi
3165 1665 3256 1726 ad
3299 1664 3711 1741 victoriam,
3761 1684 3845 1728 ex

2330 1782 2471 1846 qua
2503 1765 2880 1846 imperator
2917 1760 3004 1825 est
3046 1759 3491 1826 acclamatus.
3614 1765 3842 1844 Neque

2326 1860 2482 1945 plus
2518 1858 2774 1924 constat
2813 1861 2896 1923 de
2934 1858 3015 1922 L.
3060 1856 3398 1937 CALDO.
3439 1858 3589 1922 v11.
3650 1859 3842 1923 VIRo

2326 1956 2785 2034 EEVLonum.
2825 1956 3263 2036 Praeclaram
3289 1952 3665 2019 lectisternii
3684 1958 3844 2017 ima-

2327 2056 2552 2139 ginem
2595 2053 2665 2115 hi
2719 2055 2983 2117 denarii
3023 2051 3373 2120 exhibent.
3489 2053 3595 2116 De
3664 2052 3846 2116 lecti·

2330 2148 2584 2224 sterniis
2625 2162 2693 2214 et
2747 2150 3194 2235 epulonibus·
3285 2150 3402 2234 qui
3486 2151 3843 2214 secundum

2325 2245 2591 2311 Festum
2638 2247 2788 2311 Iovi
2834 2249 3213 2333 ceterisque
3249 2245 3379 2309 diis
3440 2247 3709 2331 epulum
3748 2248 3844 2309 in-

2328 2343 2598 2409 dicendi
2630 2340 3026 2430 potestatem
3056 2343 3385 2419 habuere,
3434 2344 3619 2421 vide,
3671 2362 3848 2428 quae

2328 2447 2608 2506 tradunt
2625 2442 2869 2504 rituum
2904 2442 2985 2504 R.
3012 2442 3432 2525 interpretes.
3533 2440 3608 2505 In
3640 2458 3847 2505 numo

2330 2557 2602 2622 quoque
2648 2538 3056 2604 Hadrumeti
3123 2539 3519 2621 Byzacenes
3586 2537 3841 2601 Fabius

2329 2635 2711 2699 Maximus
2738 2636 2988 2697 dicitur
3046 2635 3199 2697 Vll.
3271 2635 3448 2700 VIR.
3520 2634 3850 2704 EPVLO.

2329 2732 2405 2797 ln
2442 2721 2678 2797 infimo
2724 2733 2911 2795 numi
2946 2733 3250 2816 margine
3292 2743 3580 2795 notatur
3640 2731 3845 2796 CAL-

2326 2830 2526 2894 DVS.
2575 2830 2857 2895 lIlVlR.
2896 2829 3301 2904 monetalis,
3355 2830 3470 2912 qui
3518 2833 3856 2911 majorum

2326 2925 2595 2989 suorum
2639 2926 2925 3010 insignes
2964 2925 3261 2988 honores
3306 2926 3741 2989 resuscitavit.

2429 3021 2655 3108 Caput
2691 3022 2871 3085 Solis
2914 3024 2981 3084 in
3018 3043 3226 3086 numo
3264 3019 3595 3106 postremo
3632 3023 3856 3087 secuu-

2328 3118 2491 3181 dum
2558 3120 3114 3205 Havercampum
3204 3106 3471 3182 adludit
3542 3120 3636 3183 ad
3709 3126 3854 3199 ejus

2328 3214 2482 3278 astri
2518 3216 2768 3279 cultum
2799 3263 2819 3292 ,
2870 3218 2936 3278 in
2974 3216 3345 3298 Hispania,
3398 3228 3471 3278 ut
3518 3216 3656 3300 ait,
3742 3237 3855 3281 ce·

2326 3312 2582 3376 lebrem
2619 3361 2639 3391 ‚
2690 3314 3120 3398 quod.aegre
3154 3312 3426 3397 probat.
3528 3312 3859 3398 Praepla·

2328 3422 2436 3473 cet
2471 3424 2668 3474 vetus
2702 3409 3020 3472 sententia
3064 3408 3325 3493 Pighii,
3375 3399 3440 3490 ιι)
3493 3429 3696 3493 quam
3733 3411 3860 3474 ad-

2327 3509 2600 3590 optavit
2636 3511 2841 3570 etiam
2883 3503 3316 3583 Vaillantius‚
3351 3504 3463 3568 etsi
3500 3518 3865 3591 auctorem

2328 3605 2743 3677 dissimulet,
2798 3601 3008 3685 quiin
3047 3600 3179 3663 hoc
3212 3613 3384 3685 typo
3412 3601 3726 3668 usitatam
3762 3607 3869 3669 ad

2324 3720 2572 3765 nomen
2616 3700 3026 3787 adlulionem
3062 3696 3288 3771 videt3
3342 3718 3500 3761 nam
3540 3701 3670 3765 slve
3708 3702 3869 3765 Coe-

2324 3796 2449 3860 tum
2492 3796 2853 3877 respicias,
2905 3793 3003 3856 sol
3044 3812 3163 3877 per
3206 3795 3427 3858 coelum
3487 3810 3723 3881 gyrat,
3778 3796 3868 3860 [i-

2327 3912 2412 3956 ve
2461 3892 2754 3968 Caldam,
2807 3890 2902 3953 sol
2940 3888 3200 3955 calo'rm
3237 3890 3470 3956 efficit.
3571 3893 3874 3978 Apposi-

2325 4001 2393 4050 te
2440 3988 2568 4051 huc
2602 3990 2870 4051 Varro:
2923 3986 2983 4071 ⁶)
3070 3988 3354 4054 comitiis
3412 4011 3547 4056 cum
3611 3990 3876 4058 SOLE

2326 4084 2506 4151 CA]
2510 4086 2638 4151 Do
2678 4106 2831 4167 ceo,
2883 4094 2942 4149 et
2980 4083 3060 4171 Q.
3106 4086 3328 4171 Ascr‘us
3347 4086 3615 4174 senator
3649 4088 3874 4156 tribn-

724 4198 851 4272 put
899 4187 1201 4248 anticam
1253 4198 1585 4283 occupat,
1639 4186 1876 4313 refert.
1972 4190 2068 4249 At
2124 4203 2251 4270 ego
2333 4183 2411 4248 lis
2432 4183 2823 4273 suffragium
2866 4182 3192 4273 tutg‘ffemus
3220 4194 3330 4253 etc.

729 4586 734 4595 ·
780 4634 838 4692 a)
877 4633 1025 4686 Ann.
1062 4634 1136 4695 Τ,
1171 4633 1278 4686 111.
1421 4648 1534 4700 ¹35·

716 4698 824 4755 111.
858 4722 916 4776 p.
957 4706 1077 4773 236.
1250 4705 1302 4771 e)
1318 4651 1496 4755 PdeL
1499 4699 1623 4764 ..L

1725 4629 1784 4699 b)
1826 4629 1896 4686 de
1930 4630 2094 4692 rest,
2130 4600 2276 4687 emir.
2312 4647 2357 4686 ο.
2392 4644 2451 4704 3,

2677 4632 2728 4703 c)
2766 4629 2937 4689 Num.
2975 4631 3131 4706 flisp.
3164 4648 3319 4696 num.
3360 4649 3447 4701 ¹7·
3676 4631 3746 4704 d)
3784 4634 3896 4694 T.

2616 4721 2663 4751 ⁶
2864 4762 2883 4769 “
2932 4754 2966 4802 κ
