4175 5450
715 697 853 754 210

1936 651 2616 733 FABRICIA.

712 876 901 945 alitis
950 866 1254 960 patriam
1288 860 1600 951 respicit,
1654 872 1723 924 et
1758 859 2013 945 reperit
2060 859 2244 922 deni·
2326 869 2576 950 teone:
2630 852 2945 922 buteonem
2997 848 3158 941 hunc
3211 842 3520 955 opponant
3549 847 3847 943 Romani,

716 995 849 1061 que
882 969 957 1037 C.
988 966 1281 1032 Fabium
1309 969 1759 1046 cognomento
1789 956 2242 1033 Hadrianum,
2311 951 2574 1040 familia
2634 958 2820 1018 etiam
2879 973 2961 1018 ex
3009 972 3079 1016 eo
3149 951 3628 1034 cognominata,
3710 970 3847 1015 cum

700 1072 831 1156 ,qui
866 1072 953 1136 V.
993 1063 1072 1128 C.
1146 1064 1284 1143 670
1357 1078 1403 1121 a
1485 1054 1703 1119 Cinna
1785 1065 1854 1114 et
1908 1045 2243 1115 'Carbone

711 1189 855 1234 cos,
902 1169 1351 1252 propraetore
1401 1153 1471 1216 in
1510 1149 1823 1216 Africam
1860 1148 2084 1234 miffus
2129 1144 2241 1224 est,

664 1279 675 1288 '
711 1277 786 1330 ut
819 1257 1177 1328 Metellum
1209 1252 1406 1313 Pium
1436 1298 1459 1332 ‚
1512 1248 1628 1332 qui
1673 1266 1830 1310 eam
1870 1258 2014 1308 tum
2072 1262 2236 1329 pro-

708 1360 1016 1427 vinciam
1065 1346 1465 1423 obtinebat,
1532 1346 1806 1428 ejiceret
1840 1391 1860 1423 ,
1932 1341 2122 1425 quod
2169 1352 2239 1402 et

700 1439 1064 1546 praestitit.
1163 1446 1258 1508 At
1294 1462 1449 1506 eum
1495 1440 1827 1528 oppidani
1864 1433 2236 1513 Vticenses,

712 1553 903 1638 quod
940 1542 1217 1611 sordido
1269 1540 1359 1602 ab
1400 1557 1484 1603 eo
1514 1537 1808 1623 imperio
1832 1546 1913 1598 et.
1947 1532 2235 1596 incredi-

708 1646 835 1713 bili
866 1642 1154 1720 saevitia
1195 1647 1648 1712 vexarentur,
1715 1627 2040 1716 congestis
2106 1628 2239 1690 sar·

711 1744 956 1810 mentis
1004 1727 1418 1817 incensisque
1487 1750 1642 1794 cum
1714 1728 1894 1792 omn?
1971 1723 2244 1788 familia

711 1842 989 1906 vivum·
1029 1832 1326 1899 exussere
1390 1828 1579 1893 nulla
1672 1823 1898 1888 secuta
1974 1820 2241 1884 senatus

713 1915 1322 2001 animadversione.
1425 1925 1536 1988 Ad
1589 1921 1767 1984 hunc
1824 1939 1978 1983 cum
2043 1935 2240 2003 prae-

700 2034 931 2097 sentes
981 2027 1311 2096 denarios.
1344 2019 1555 2086 refert
1571 2035 1603 2097 ,·
1669 2017 1904 2082 literas
1963 2013 2103 2077 EX.
2152 2014 2284 2075 A.-

662 2164 667 2168 ·
711 2130 856 2196 PV.
887 2148 1024 2193 non
1062 2127 1572 2208 interpretatur,
1624 2127 1700 2180 ut
1737 2113 1894 2196 alii,
1945 2110 2087 2174 EX.
2113 2110 2240 2172 Ar-

709 2235 906 2311 gmto
946 2220 1264 2297 PVblico,
1317 2216 1430 2280 sed
1456 2214 1600 2279 Ex.
1657 2211 2058 2275 Auctor-itate
2095 2205 2241 2270 Pv-

716 2322 913 2399 bh'ca,
964 2337 1208 2404 nempe
1260 2315 1513 2378 delata.
1552 2330 1599 2373 a
1653 2304 2037 2373 consulibus
2068 2347 2089 2379 ,
2176 2310 2245 2362 et

715 2440 803 2484 ne
844 2419 1009 2502 quid
1058 2412 1441 2487 discordet,
1509 2416 1721 2492 caput
1766 2403 2084 2465 turritum
2140 2394 2244 2458 illi

696 2513 809 2600 ¹est
837 2515 974 2578 dea
1007 2506 1368 2585 CoelestiS,
1427 2522 1679 2590 magna
1724 2499 2054 2583 religione
2120 2510 2245 2579 per

671 2613 877 2676 ”eam
936 2607 1215 2673 Africae
1275 2613 1544 2691 partem
1610 2595 1994 2662 observata.
2144 2588 2245 2651 En

719 2709 960 2796 quanti
998 2705 1176 2770 nisus
1208 2703 1300 2767 ad
1321 2697 1493 2763 nihil
1524 2688 2066 2779 denique-solide
2093 2704 2245 2773 pro-

702 2802 1059 2872 bandum!
1115 2801 1187 2864 Si
1237 2800 1388 2863 avis
1422 2794 1635 2858 buteo
1681 2790 1879 2872 effet,
1931 2786 2119 2849 numi
2175 2782 2250 2845 hi

721 2900 969 2965 referri
1013 2897 1272 2985 possent
1350 2893 1444 2955 ad
1513 2887 1808 2952 Fabium
1850 2880 2193 2966 quendam
2229 2925 2249 2956 ,

720 2999 1060 3064 Buteonem
1111 2989 1539 3076 cognomine.
1639 2981 1941 3055 Plinius,
1994 2974 2114 3038 ubi
2142 2991 2252 3038 ac-

726 3093 1045 3180 cipitrum
1087 3103 1343 3179 genera
1374 3081 1620 3159 refert,
1672 3076 1740 3160 ⁸)
1791 3076 1966 3141 haec
2010 3072 2095 3138 de
2133 3069 2255 3136 bu-

2318 1049 2614 1136 prospero
2652 1049 2917 1136 auspicio
2952 1051 3021 1114 in
3050 1046 3227 1113 ducis
3264 1048 3414 1110 navi
3434 1044 3673 1135 sediffl’t.
3725 1045 3850 1108 Sa·

2322 1166 2407 1208 ne
2461 1144 2824 1212 buteonem
2874 1148 2943 1209 in
3017 1144 3124 1207 his
3188 1143 3484 1206 denariis
3564 1142 3849 1227 agnovit

2323 1240 2635 1323 Vrsinus,
2683 1246 2914 1328 jurene
2947 1288 2968 1320 ,
3021 1261 3108 1305 an
3145 1239 3427 1320 injuria,
3501 1258 3844 1324 aucupum

2320 1336 2453 1401 esto
2499 1341 2875 1422 judicium,
2927 1351 3145 1422 neque
3206 1332 3397 1398 Iubet
3435 1336 3507 1399 in
3573 1355 3647 1398 re
3705 1355 3849 1398 am-

2319 1434 2529 1521 bigua
2562 1448 2629 1500 et
2668 1438 2867 1500 exilis
2922 1432 3249 1498 momenti
3309 1451 3528 1497 novas
3599 1431 3848 1495 veteri-

2318 1531 2446 1595 bus
2495 1537 2919 1617 conjecturas
2952 1532 3231 1595 addere.
3333 1527 3650 1591 Ceterum
3693 1528 3852 1589 lite-

2317 1646 2433 1690 ras
2473 1628 2619 1690 EX·
2656 1629 2747 1691 A.
2783 1630 2924 1691 Pv.
2969 1628 3151 1690 idem
3195 1623 3563 1712 significare
3589 1672 3608 1702 ‚
3663 1623 3854 1706 quod

2323 1725 2392 1787 in
2429 1723 2664 1789 Sentia
2701 1722 2919 1793 AVG.
2958 1719 3200 1803 PVB..,
3253 1720 3536 1784 dubium
3574 1739 3711 1784 non
3745 1721 3853 1784 vi-

2323 1820 2542 1885 detur.

2421 1963 2426 1968 ”
2876 1964 2910 2000 3
3237 1965 3270 1997 ἢ

2481 2007 2488 2013 ’
2618 2009 2825 2098 Caput
2862 2010 3144 2079 PaUadis
3176 2010 3418 2077 alatum
3437 2058 3457 2090 ,
3517 2031 3679 2098 poue
3714 2012 3800 2076 X.

2326 2106 2400 2173 C.
2445 2107 2525 2175 F.
2572 2107 2654 2174 L.
2687 2110 2769 2175 R.
2807 2108 2894 2192 Q.
2935 2110 3033 2175 Μ.
3084 2109 3379 2176 Victoria
3413 2111 3483 2173 in
3516 2112 3862 2196 citii-qua-

2322 2204 2578 2294 arigis,
2627 2205 2807 2291 infra
2848 2205 3143 2270 ROMA.
3245 2206 3395 2268 AR.
3428 2206 3578 2269 RR.

2422 2302 2620 2365 Hunc
2652 2301 3007 2366 denarium
3051 2301 3185 2366 hoc
3212 2300 3374 2365 loco
3431 2320 3856 2367 commemo-

2325 2416 2445 2476 το,
2497 2409 2573 2460 ut
2610 2395 2684 2459 fit
2717 2398 2951 2482 aliquo
2997 2398 3193 2475 loon,
3246 2417 3408 2462 nam
3469 2401 3708 2463 literae
3769 2396 3859 2461 C.

2325 2495 2407 2557 F.
2449 2512 2587 2557 non
2619 2491 2831 2556 solum
2870 2493 3073 2560 Caius
3126 2493 3405 2574 Fabius,
3458 2496 3572 2559 sed
3627 2506 3691 2558 et
3731 2493 3867 2557 ali-

2326 2601 2431 2654 ter
2456 2589 2587 2675 legi
2625 2589 2888 2675 poss'unt
2921 2636 2942 2667 ‚
2991 2603 3068 2652 ut
3108 2602 3176 2654 et
3222 2592 3463 2656 literae
3499 2592 3861 2674 sequentes

2329 2686 2522 2751 varie
2559 2685 2828 2772 poll'unt
2850 2686 3136 2773 expleri.
3240 2686 3376 2753 Sed
3410 2705 3872 2774 quaecunque

2330 2782 2440 2846 his
2483 2795 2715 2868 gentes
2751 2784 3158 2864 indicantur,
3209 2785 3524 2850 videntur
3560 2783 3685 2847 ess'e
3730 2803 3868 2848 no-

2334 2880 2522 2942 mina
2560 2879 2966 2943 Illvirorum
3000 2882 3470 2949 monetalium.
3567 2879 3748 2947 Vide
3779 2878 3868 2944 fi-

2335 2975 2567 3040 milem
2610 2974 2683 3039 i‘n
2725 2977 2997 3044 Marcio
3049 2976 3340 3047 Libone.

1616 3296 2747 3492 p'ssABRICIA

828 3583 1014 3652 Gens
1057 3576 1356 3668 plebeia.
1477 3569 1877 3660 cognomen
1927 3566 2001 3632 in
2045 3585 2264 3631 numo

726 3685 1091 3765 Paternus,
1142 3677 1190 3741 si
1232 3674 1403 3739 fides
1426 3667 1828 3757 Vaillantio,
1883 3676 1955 3728 ut
1974 3664 2263 3729 dicetur.

770 3780 771 3783 ‘
874 3778 881 3785 ·
1022 3776 1106 3842 L.
1140 3768 1533 3842 FABRICI.
1573 3730 2221 3852 infiriptssaeabetlae
2242 3806 2263 3840 ,

702 3970 981 4043 ,ΡΑΤΕ
1034 4008 1059 4021 ·

732 4167 926 4233 simili
966 4158 1182 4227 altero
1218 4156 1629 4241 Vaillantius
1673 4149 1837 4237 legit
1873 4150 2073 4236 plene
2114 4148 2260 4208 PA-

632 4257 637 4263 ’
710 4257 1094 4329 »ΤΕΒΝΨὸ
1120 4303 1142 4335 ,
1196 4267 1403 4340 atque
1442 4249 1611 4315 istud
1644 4245 1837 4311 fuiss'e
1883 4261 2263 4331 cognomen

733 4356 1061 4426 Fabricio
1095 4351 1365 4418 adserit.
1468 4345 1723 4410 Similis
1755 4342 1930 4405 alius
1955 4336 2167 4404 exstat
2195 4339 2264 4401 in

732 4455 962 4522 museo
998 4446 1384 4514 Pembrock
1418 4491 1439 4523 ,
1487 4433 1559 4525 ι’)
1612 4437 1832 4504 sedin
1870 4438 2105 4501 antica
2151 4435 2265 4498 de·

733 4556 883 4620 sunt
917 4550 1159 4614 literae
1186 4547 1308 4610 PR
1335 4590 1356 4622 ,
1408 4543 1479 4603 in
1541 4536 1781 4602 aversa
1826 4533 2109 4619 legitur:
2184 4531 2266 4601 Ρ.

2344 3662 2628 3727 lantiani
2661 3662 3054 3747 integritate,
3090 3660 3257 3723 certi
3309 3659 3573 3737 sumus,
3645 3678 3880 3744 neque

2327 3779 2718 3846 cognomen
2749 3757 2918 3821 istud
2954 3746 3209 3821 certum
3244 3753 3583 3839 praestare
3611 3756 3881 3821 liceat.

2441 3854 2650 3936 Quod
2692 3854 2785 3917 ad
2811 3865 3141 3938 typorum
3183 3852 3716 3941 explicationem
3761 3847 3887 3916 at·-

2343 3952 2557 4028 tinet‚
2609 3941 2994 4013 refert‘Dio
3029 3996 3049 4028 ,
3097 3954 3153 4025 θ)
3206 3966 3387 4011 anno
3457 3950 3544 4016 V.
3595 3948 3675 4012 C.
3726 3951 3881 4027 692

2345 4059 2623 4133 pontem
2660 4045 3049 4132 lapideum,
3103 4044 3220 4128 qui
3283 4046 3354 4108 in
3404 4044 3689 4109 insulam
3742 4046 3880 4109 Ti-

2753 3576 2827 3627 ut
2864 3561 3087 3643 adeo,
3138 3557 3253 3625 nisi
3292 3561 3378 3625 de
3416 3561 3605 3625 numi
3674 3562 3877 3627 vail-

2321 4143 2650 4207 ·berinam
2688 4143 3004 4220 duceret,
3061 4136 3506 4218 exstructum,
3559 4140 3898 4205 Fabrici-

2346 4258 2595 4323 umque
2632 4238 2888 4302 dictum
2932 4230 3082 4305 ess'e.
3181 4237 3377 4301 Idem
3428 4236 3708 4302 testatur
3765 4237 3892 4300 in-

2346 4334 2621 4421 scriptio
2665 4336 2733 4397 in
2786 4344 3076 4418 utroque
3109 4333 3342 4420 pontis
3382 4333 3597 4398 latere
3631 4333 3897 4398 hodie-

2347 4452 2478 4517 que
2564 4428 2866 4507 exstans,
2920 4428 3126 4515 quam
3222 4432 3702 4494 correctiorem
3789 4429 3896 4497 fic

2346 4527 2673 4613 proponit
2707 4514 3196 4598 Fabrettuszfl)
3245 4524 3326 4587 L.
3364 4524 3896 4594 FABRICIVS.

751 4664 3920 4716 w

809 4762 865 4828 a)
899 4757 971 4823 L,
1005 4755 1083 4817 X.
1118 4753 1153 4823 ς
1182 4770 1243 4831 9.
1435 4745 1495 4813 b)
1532 4742 1679 4797 Part.
1715 4741 1825 4803 m,
1862 4737 1977 4794 tab.
2024 4757 2103 4809 ¹9·

2278 4738 2328 4806 ο)
2363 4737 2430 4791 1..
2455 4722 2776 4795 xxxva.
2811 4750 2858 4787 ο.
2891 4746 2980 4802 45.

3200 4732 3259 4800 d)
3297 4733 3543 4807 Inscript.
3581 4752 3640 4806 p.
3678 4749 3805 4798 240.

4137 3394 4147 3681 ᾼᾷ-μ--ι
4137 3260 4146 3321 1.-

4137 4288 4147 4375 -m
