4175 5450
664 638 794 701 108

635 817 997 887 ridiculum
1033 816 1246 883 visum
1283 815 1374 883 est
1412 817 1716 895 auctori,
1770 836 1816 880 a
1848 817 2156 900 Traiano

636 917 887 984 restitui
923 935 1239 996 numum,
1293 936 1494 1000 quem
1569 913 1709 1000 ipse
1771 912 2158 977 feriundum

639 1015 927 1081 curavit.
1028 1012 1164 1078 Sed
1196 1013 1374 1078 enim
1434 1033 1523 1077 an
1557 1030 1692 1075 non
1739 1029 1957 1094 aeque
1997 1010 2157 1073 ridi-

635 1111 911 1189 culum,
968 1123 1448 1191 monumento,
1528 1108 1713 1196 quod
1771 1107 2006 1171 Nerva
2051 1126 2158 1169 re-

633 1228 795 1273 cens
839 1209 1199 1294 posuerat,
1250 1206 1398 1293 post
1425 1205 1758 1294 pauculos
1805 1223 2024 1268 annos
2056 1221 2159 1266 re-

641 1304 976 1370 stitutione
1021 1305 1302 1386 Traiani
1336 1324 1510 1393 opus
1537 1302 1776 1368 fuiss'e?
1826 1301 1946 1371 VI.
1987 1298 2161 1363 Cum

633 1405 827 1467 numi
870 1422 1042 1488 opus
1084 1401 1366 1487 aliquod
1403 1400 1774 1466 restitutum
1832 1397 2162 1483 eloquun-

636 1515 787 1582 tur,
832 1500 1087 1563 addere
1133 1497 1347 1563 solent
1386 1497 1588 1585 ipsius
1652 1497 1863 1559 etiam
1933 1493 2163 1582 operis

638 1591 1005 1690 picturam.
1107 1596 1218 1661 Sic
1268 1597 1339 1659 in
1386 1615 1597 1660 numo
1658 1592 1996 1656 Antonini
2060 1590 2166 1653 Pii

638 1695 975 1760 scribitur:
1027 1693 1368 1758 TEMPL.
1391 1693 1613 1757 DIVI.
1649 1685 1861 1754 AVG.
1883 1689 2167 1768 REST„

644 1806 715 1859 et
759 1788 1308 1855 additurforma
1342 1790 1583 1877 templi
1621 1785 1781 1852 octo
1823 1787 2167 1851 columna·-

641 1909 819 1953 rum.
914 1890 1024 1951 An
1049 1885 1263 1951 fimile
1297 1887 1464 1972 quid
1498 1888 1568 1949 in
1602 1885 1748 1962 his,
1802 1884 1888 1947 de
1925 1882 2170 1967 quibus

1691 605 2729 731 PROLEGOMENA

2241 831 2451 899 usque
2484 814 2698 898 partis
2749 810 2944 897 typi,
2999 820 3067 874 et
3135 810 3650 898 inscriptiones,
3702 823 3772 879 et

2242 909 2633 990 metallum,
2686 910 2797 975 sed
2828 910 3074 988 etiam,
3126 907 3173 971 fi
3255 929 3393 995 qua
3456 903 3771 998 ἁδιαφορα

2241 1006 2453 1070 habet
2484 1006 2914 1093 primaevum
2946 1006 3320 1092 exemplar,
3374 1007 3577 1093 plane
3612 1026 3770 1072 con·

2244 1102 2538 1189 spirent,
2591 1105 2768 1169 adeo
2810 1115 2920 1182 ut,
2972 1091 3377 1166 nifi'adess'et
3436 1102 3774 1171 restituen-

2243 1202 2333 1264 tis
2375 1213 2658 1279 nomen,
2711 1221 2920 1265 unum
2969 1198 3058 1262 ab
3096 1198 3317 1263 altero
3352 1202 3473 1266 vix
3524 1200 3774 1267 discer-

2245 1317 2518 1390 neres.·
2591 1301 2970 1382 Vtrumque
3040 1295 3349 1361 obtinere
3413 1298 3483 1361 in
3553 1298 3776 1362 numis

2240 1395 2589 1481 argenteis
2623 1397 2941 1461 omnibus
2974 1413 3018 1457 a
3054 1393 3367 1477 Trajano
3419 1392 3735 1458 restitutis
3756 1439 3782 1474 ,

2251 1503 2321 1555 et
2355 1511 2493 1555 non
2538 1495 2779 1578 paucis
2817 1491 3047 1558 aeneis
3074 1536 3095 1569 ,
3150 1491 3329 1555 adeo
3367 1503 3628 1555 certum
3663 1489 3779 1571 est,

2248 1600 2325 1651 ut
2362 1590 2588 1674 primo
2625 1590 2989 1675 conspectu
3026 1588 3348 1651 continuo
3397 1600 3780 1674 appareat,

2251 1688 2706 1751 monetarium
2746 1688 3038 1750 alterum
3075 1681 3480 1749 restituendo
3504 1687 3599 1749 ad
3635 1705 3781 1751 om·
3812 1690 3823 1703 ‘

2250 1802 2372 1845 nes
2413 1783 2645 1866 apices
2697 1783 3079 1868 archetypo
3115 1783 3319 1844 anxie
3364 1800 3446 1844 ac
3473 1781 3783 1871 religiose

2250 1875 2446 1942 fuill'e
2483 1879 2845 1949 intentum.
2942 1880 3146 1943 Patet
3211 1875 3381 1941 istud
3456 1881 3782 1944 continuo

643 1987 955 2072 agimus,
1006 1984 1268 2063 numiS,
1321 1996 1442 2048 aut
1489 1978 1746 2047 nonnisi
1814 1999 1938 2064 per
2011 1997 2171 2042 con·
2253 1995 2345 2038 ex
2374 1974 2659 2041 denario
2716 1977 2775 2042 Ῑ.
2805 2028 2828 2062 ,
2881 1976 2951 2040 in
3000 1994 3140 2059 quo
3204 1978 3631 2041 monetarius
3696 1996 3785 2040 ne
3846 1990 3851 1994 ·

639 2085 936 2167 jecturas
985 2079 1302 2144 debiles?
1395 2079 1551 2146 vn.
1592 2078 1664 2144 Si
1704 2077 1852 2142 veri
1894 2076 2040 2140 sunt
2081 2074 2173 2137 Ο·
2257 2071 2535 2156 quidem
2608 2073 2949 2139 rationem
3034 2070 3389 2136 literarum
3460 2073 3786 2139 introrsus

645 2179 875 2243 thonis
916 2176 1147 2254 numi,
1240 2197 1330 2240 an
1402 2173 1761 2240 verisimile
1789 2220 1809 2252 ,
1879 2171 2176 2260 'potuiss'e
2256 2168 2636 2256 hiantium,
2690 2191 2865 2256 quae
2901 2171 3146 2235 eadem
3186 2166 3277 2232 est
3333 2172 3401 2234 in
3469 2170 3785 2256 archety-

649 2276 827 2339 hunc
870 2274 1248 2361 principem
1282 2261 1566 2359 propter
1622 2271 1897 2356 imperii
1939 2269 2036 2333 sui
2110 2279 2180 2331 et
2259 2285 2353 2351 po
2380 2311 2400 2343 ,
2450 2277 2523 2329 et
2558 2287 2718 2332 raro
2759 2269 2827 2331 in
2864 2267 3019 2333 aliis
3059 2261 3483 2361 familiarum
3518 2269 3738 2333 numis
3763 2316 3790 2350 ,

651 2370 924 2448 turbas,
979 2379 1048 2431 et
1087 2367 1495 2433 brevitatem
1535 2370 1731 2455 operi
1765 2365 2044 2453 publico
2088 2364 2179 2428 es·
2258 2362 2331 2424 in
2364 2362 2830 2447 imperatoriis
2884 2381 3230 2449 nunquam
3286 2367 3624 2444 occurrit,
3677 2386 3789 2430 ne·-

652 2468 717 2532 se
735 2466 1114 2531 intentum?
1210 2466 1455 2543 Mitto,
1508 2483 1592 2528 ne
1623 2485 1772 2544 me,
1823 2464 2180 2528 lectorem·
2263 2459 2651 2544 gligendam
2689 2462 2996 2538 duxerit,
3049 2472 3124 2523 ut
3156 2473 3336 2525 recte
3365 2464 3511 2545 jam
3548 2462 3792 2526 adver·

655 2586 788 2650 que
852 2551 1205 2627 incass‘um'
1243 2583 1530 2640 vexem,
1595 2561 1911 2626 sexcenta
1992 2560 2179 2636 alia,
2262 2558 2348 2621 tit
2391 2558 2671 2644 pretiosi
2721 2557 2918 2641 hujus
2974 2557 3227 2635 cimelii
3332 2570 3401 2622 et
3475 2559 3795 2645 poss'ess'or

655 2681 833 2748 quae
879 2659 1178 2723 auctoris
1214 2657 1415 2725 nostri
1481 2659 1879 2723 sententiam
1925 2676 2183 2744 expen-
2266 2653 2441 2717 olim
2471 2701 2492 2735 ,
2575 2664 2645 2719 et
2706 2676 2962 2743 praeco
3021 2656 3482 2721 Neumannus.
3538 2661 3596 2735 ¹)
3712 2657 3795 2720 ln

655 2760 841 2824 denti
880 2759 1118 2843 suapte
1154 2757 1286 2821 sese
1326 2755 1639 2824 offerent.
2266 2770 2477 2817 numo
2520 2755 2738 2840 gentis
2787 2751 3144 2820 Mamiliae
3200 2750 3289 2816 est
3348 2754 3555 2820 litera
3642 2752 3796 2818 soli·

756 2855 830 2920 Si
858 2855 1010 2940 quis
1036 2903 1058 2939 ,
1112 2873 1288 2937 quae
1327 2873 1482 2916 mea
1530 2852 1605 2915 fit
1647 2854 1719 2916 in
1744 2871 1819 2915 re
1857 2848 2186 2934 ambigua
2269 2849 2450 2913 taria
2481 2850 2577 2927 E,
2629 2851 2699 2913 in
2745 2852 2980 2915 Maria
3006 2895 3028 2930 ,
3101 2862 3172 2914 et
3218 2849 3533 2915 Norbani
3586 2863 3797 2915 notae

658 2951 1022 3028 sententia,
1075 2949 1431 3034 exquirat,
1482 2953 1595 3033 ajo
1611 2998 1632 3031 ,
1682 2951 1754 3012 in
1809 2947 1943 3010 hac
2019 2965 2185 3031 quo·
2273 2943 2748 3010 arithmeticae
2778 2993 2799 3028 ,
2852 2958 2921 3011 et
2963 2946 3239 3034 quidem
3279 2948 3350 3011 in
3402 2949 3635 3013 Maria
3673 2949 3796 3013 eti-

663 3068 795 3133 que
835 3044 1070 3125 causa,
1121 3046 1403 3131 perinde
1437 3065 1522 3109 ac
1577 3048 1646 3109 in
1686 3042 1931 3129 quavis
2005 3042 2186 3120 alia,
2274 3060 2389 3104 am
2431 3044 2790 3127 utrinque,
2845 3047 3077 3108 omnia
3111 3064 3196 3107 ex
3260 3046 3797 3132 archetyporum

664 3156 855 3208 certa
892 3142 961 3204 in
1008 3143 1209 3205 certis
1256 3142 1602 3227 putanda,
1652 3143 1918 3224 reliqua
1961 3141 2033 3204 in
2081 3138 2191 3202 in.

655 3243 866 3306 certis
889 3289 911 3323 ‚
963 3257 1047 3302 ac
1078 3235 1259 3302 forte
1321 3238 1690 3323 desperatis
1711 3285 1732 3316 ‚
1782 3249 1905 3302 aut
1952 3238 2190 3300 tantis·

663 3355 791 3423 per
833 3335 1263 3423 seponenda,
1315 3336 1478 3399 dum
1550 3332 1733 3399 forte
1817 3335 2192 3419 aliquando

665 3435 788 3498 lux
809 3437 1030 3517 major
1060 3426 1439 3520 adfulgeat.
1541 3433 1910 3497 Enimvero
1945 3449 2194 3518 expen-

665 3531 781 3609 so,
834 3549 1038 3614 quem
1081 3528 1280 3618 supra
1321 3528 1685 3618 proposui,
1753 3529 2003 3617 horum
2071 3549 2192 3593 nu-

670 3648 939 3694 morum
977 3628 1324 3716 catalogo,
1377 3627 1512 3691 tria
1551 3625 1673 3690 illo
1704 3623 2195 3691 restitutionum

672 3743 921 3810 genera
972 3724 1181 3790 video
1222 3725 1590 3802 contineri,
1642 3724 1739 3803 1.,
1790 3742 2030 3805 veram
2096 3725 2197 3809 ip÷

2281 3333 2444 3418 quia
2472 3346 2706 3398 tamen
2750 3335 2839 3400 ab
2880 3336 3099 3400 altero
3132 3334 3465 3421 scalptore
3497 3348 3803 3402 retentae
3853 3415 3856 3419 .

2270 3428 2593 3511 fuerunt,
2653 3431 2768 3497 vel
2794 3434 2960 3503 ideo
2991 3451 3244 3498 canore
3283 3447 3616 3521 arguunt,
3671 3434 3807 3498 ali·
3880 3496 3895 3507 ,

2274 3528 2373 3592 nd
2404 3528 2506 3594 illi
2536 3529 2957 3617 propositum
2996 3549 3132 3595 non
3164 3526 3356 3594 fuiss’e
3383 3574 3403 3609 ,
3457 3551 3665 3617 quam
3728 3542 3806 3593 ut

2281 3646 2561 3691 numum
2603 3625 3001 3703 restitueret.
3102 3627 3292 3690 Idem
3331 3648 3377 3692 a
3418 3629 3805 3693 monetario

2278 3723 2352 3788 in
2413 3724 2873 3808 exprimendis
2944 3723 3309 3789 secundum
3376 3725 3810 3812 archetypon

669 3822 906 3889 sorum
937 3825 1296 3887 numorum
1309 3820 1792 3886 restitutionem
1819 3867 1838 3900 ,
1892 3819 1982 3884 ΙΙ.
2021 3817 2198 3883 resti-
2284 3820 2565 3882 minutia
2600 3818 2864 3906 sigillis,
2916 3840 3096 3904 quae
3120 3818 3329 3908 vulgo
3364 3834 3811 3887 contemnun-

566 4000 574 4006 ·
675 3917 1007 3983 tutionem
1041 3919 1361 4006 imaginis·
1422 3920 1747 4006 principis
1778 3965 1798 3997 ,
1850 3936 1935 3982 ac
1997 3935 2201 4002 prae·
2274 3927 2438 4000 tur,
2494 3913 2931 3981 observatum
2953 3919 3220 3986 videas·
3256 3938 3284 3958 ·
3313 3918 3393 3981 In
3427 3939 3634 3983 numo
3655 3938 3811 4006 gen·

665 4028 874 4081 *terea
913 4015 1034 4080 111.
1068 4016 1140 4079 in
1172 4014 1510 4081 nonnullis
1553 4013 2202 4079 restitutionemtan-
2288 4012 2376 4074 tis
2413 4011 2801 4078 Numoniae
2880 4013 2970 4078 est
3050 4025 3247 4079 vetus
3313 4014 3816 4103 orthographia

667 4124 828 4176 2tum
869 4123 1192 4200 typorum
1218 4160 1239 4193 ,
1291 4127 1412 4179 aut
1483 4111 1750 4199 insignis
1824 4110 2205 4197 cujuspiam
2289 4108 2605 4182 VAALA
2626 4110 2913 4197 Trajani
2948 4124 3176 4177 aetate
3208 4112 3475 4200 pridem
3500 4116 3816 4196 antiqua·

637 4216 638 4221 ’
683 4206 878 4279 facti.
978 4209 1256 4297 Singula
1295 4210 1532 4297 paucis
1592 4210 2036 4295 explicemus.
2282 4218 2390 4270 ta.
2490 4207 2684 4271 Haec
2713 4207 2757 4271 [i
2808 4211 3040 4273 animo
3074 4210 3296 4273 minus
3338 4211 3814 4296 praejudicato

704 4336 708 4341 ·
771 4305 842 4372 ,1.
894 4305 1195 4373 Numum
1231 4309 1302 4371 in
1338 4307 1530 4397 l'enl'u¹
1564 4308 1791 4393 primo
1836 4301 2207 4387 restitutum
2294 4303 2663 4388 reputasset
2690 4305 2778 4371 cl.
2820 4305 2885 4369 le
2914 4307 3140 4384 Beau,
3191 4306 3396 4391 nihil,
3448 4307 3693 4388 credo,
3743 4307 3821 4370 in

691 4403 967 4492 appello
1008 4425 1160 4469 eum
1186 4454 1206 4486 ,
1260 4406 1375 4489 qui
1435 4402 1520 4468 fic
1562 4403 1655 4468 ad
1706 4400 2062 4485 archetypi
2113 4399 2210 4462 sui
2300 4398 2407 4463 his
2451 4400 2672 4466 numis
2710 4400 2901 4467 aliud
2964 4404 3228 4467 vidiss'et
3266 4415 3539 4490 praeter
3570 4406 3636 4468 T
3639 4407 3823 4490 raja-

685 4502 986 4568 formam
1018 4501 1108 4568 est
1139 4514 1418 4569 exactus
1440 4547 1461 4580 ,
1540 4513 1614 4566 ut
1634 4518 1772 4564 non
1810 4497 2021 4563 modo
2055 4496 2217 4561 utri·
2305 4496 2377 4560 ni
2411 4495 2801 4564 lubidinem
2831 4519 3072 4565 numos
3110 4500 3292 4585 ipsos
3334 4499 3675 4565 restituere
3698 4521 3827 4565 vo·

771 4713 835 4783 a)
867 4711 1040 4768 Num.
1073 4710 1218 4783 pop}
1253 4709 1316 4765 P.
1354 4709 1433 4770 11,
1467 4726 1526 4781 p.
1571 4716 1687 4771 ¹8¹·

2270 3153 2688 3225 praecepto,
2743 3162 2919 3226 quae
2966 3142 3204 3205 literae
3257 3162 3340 3206 ac
3395 3138 3604 3207 notae
3650 3140 3801 3207 -etfi
3906 3162 3915 3167 ·

2223 3318 2227 3322 ,
2276 3238 2814 3302 monetariorum
2848 3250 3112 3303 tantum
3159 3236 3354 3302 fuere
3388 3240 3800 3319 discrimina,
3892 3305 3915 3316 κ
