4175 5450
1340 581 1850 663 DVILIA.
1948 579 2530 662 DVRMIA.

1110 786 1145 823 ἢ

929 838 962 876 8
1306 836 1341 872 O

375 885 697 956 Calvinus.

661 982 916 1051 OSCA.
969 983 1173 1069 Caput
1212 980 1443 1049 nudum
1489 976 1847 1047 barbatum.

366 1080 1903 1167 DOM.cos.1TER1MP.12firumenta

372 1181 783 1268 pontificalia.
862 1180 1005 1243 AR.
1059 1181 1211 1250 RR.

3361 613 3498 677 203

2545 833 2575 868 ἡ

1976 881 2250 950 Domitii
2283 883 2522 945 incerti.

2278 978 2481 1062 Caput
2519 976 2807 1043 Palladis
2837 977 3075 1045 alatum
3125 980 3362 1049 additis
3390 1005 3511 1050 va-

2269 1078 2393 1139 riis
2425 1073 2798 1141 nominibus.

1979 1171 2064 1238 L.
2104 1167 2278 1237 LIC.
2325 1168 2468 1234 CN.
2515 1171 2751 1235 DOM.
2804 1174 3003 1239 Mars
3032 1176 3512 1246 nudusinciiis

391 1309 401 1320 ·
470 1278 769 1340 Pertinet
797 1277 1115 1340 denarius
1168 1275 1259 1339 ad
1324 1271 1445 1338 Cn.
1510 1273 1899 1338 Domitium
1982 1269 2155 1356 bigis
2199 1269 2278 1332 d.-
2293 1266 2528 1358 hastam
2560 1273 2913 1357 intorquet,
2945 1272 3006 1360 s.
3044 1273 3310 1359 clypeum
3353 1289 3413 1342 et
3435 1277 3518 1342 li-

370 1371 778 1458 Calvinum,
831 1374 949 1458 qui
988 1373 1216 1436 consul
1255 1372 1547 1457 primum
1571 1372 1900 1458 processit
1980 1379 2160 1434 tuum
2205 1368 2567 1437 militarem.

372 1474 460 1536 V.
502 1468 578 1534 C.
616 1492 804 1552 701,
859 1470 1100 1532 deinde
1176 1467 1536 1534 Caesarem
1604 1465 1895 1534 dictato-

371 1587 519 1635 tem
567 1567 867 1647 secutus,
922 1586 1074 1628 eum
1112 1567 1181 1629 in
1226 1565 1523 1631 Graecia
1575 1550 1897 1629 adversus

364 1662 880 1748 Pompejanos‚
934 1662 1211 1727 subinde
1270 1665 1339 1726 in
1375 1665 1600 1725 Ponto
1654 1663 1899 1725 adver-

368 1758 478 1822 sus
544 1759 973 1824 Pharnacem
1051 1762 1253 1824 varia
1338 1758 1621 1821 fortuna
1702 1759 1900 1840 juvit.

373 1854 624 1918 Consul
662 1859 906 1919 iterum
954 1859 1034 1939 V,
1080 1857 1158 1921 C.
1212 1867 1359 1937 714
1417 1876 1505 1918 ex
1553 1854 1907 1918 consulatu

370 1951 773 2037 Hispaniam
824 1953 1096 2018 sortitus
1174 1952 1562 2015 Ceretanos
1616 1951 1906 2015 rebelles

366 2048 665 2135 subegit,
721 2062 789 2113 et
832 2051 916 2113 de
956 2050 1036 2111 iis
1084 2049 1563 2135 triumphavit.
1618 2043 1684 2130 ²)
1775 2047 1907 2112 Ea-

376 2145 531 2207 dem
569 2146 1032 2209 adversatam
1075 2147 1491 2232 epigraphe,
1518 2166 1753 2233 quam
1804 2158 1908 2229 ty-

372 2262 469 2326 po
512 2238 726 2303 exstat
767 2243 975 2304 etiam
1026 2243 1095 2304 in
1129 2244 1426 2305 denariis
1477 2225 1683 2304 Corn.
1733 2242 1909 2304 Len-

372 2336 500 2398 tuli
552 2321 982 2420 SpintheriS,
1030 2336 1343 2421 quorsum
1411 2335 1735 2398 lectorem
1799 2358 1910 2398 re-

370 2452 578 2496 voc0.
679 2433 971 2495 Perinde
1043 2451 1204 2518 ergo
1294 2431 1366 2493 hi
1427 2432 1616 2492 numi
1676 2431 1908 2514 signati

371 2529 523 2591 sunt
569 2530 750 2613 apud
786 2528 1031 2593 Oscam
1074 2529 1442 2612 Hispaniae
1482 2525 1819 2590 citerioris
1862 2548 1906 2591 a

376 2624 731 2688 Ceretanis
768 2627 1117 2710 Pyrenaei
1158 2624 1422 2688 adcolis
1459 2644 1596 2686 non
1623 2625 1904 2687 multum

2684 1366 2854 1433 Sunt
2919 1370 3156 1434 lerrati
3236 1393 3518 1453 omnes„

1984 1478 2052 1530 et
2086 1465 2161 1530 C.

2079 1563 2187 1626 De
2219 1558 2447 1626 obviis
2497 1560 2606 1626 his
2649 1560 2943 1627 denariis
2990 1564 3096 1650 egi
3165 1563 3364 1653 supra
3448 1568 3518 1632 in

1985 1658 2326 1723 Cosconia
2355 1709 2376 1741 ,
2431 1679 2569 1744 quo
2612 1659 2772 1723 loco
2812 1658 3124 1747 aiebam,
3177 1664 3361 1748 poss'e
3399 1685 3519 1729 eos

1986 1755 2229 1819 referri
2305 1757 2392 1819 ad
2458 1757 2574 1824 Cn.
2660 1756 3050 1821 Domitium
3114 1758 3518 1825 Ahenobar-

1990 1852 2196 1936 bum,
2249 1853 2365 1938 qui
2406 1856 2493 1921 V.
2533 1853 2608 1919 C.
2643 1856 2778 1917 662
2822 1853 3052 1919 censor
3076 1853 3207 1917 fuit
3253 1857 3520 1943 collega

1990 1949 2072 2014 L.
2107 1951 2376 2015 Licinio
2417 1951 2686 2028 Crass'o,
2739 1949 2854 2014 etsi
2887 1947 3059 2015 istud
3094 1969 3364 2038 quoque
3397 1955 3515 2018 du·

1994 2048 2185 2112 bium
2228 2048 2342 2129 fit,
2393 2061 2468 2113 ut
2504 2047 2601 2112 ibi
2633 2048 2853 2111 innui.

2342 2137 2358 2148 ⁶
2738 2144 2771 2177 ἢ

2491 2196 2496 2200 .
2555 2195 2598 2229 ,-
2917 2195 2949 2226 ,

2286 2241 2494 2330 Caput
2523 2241 2810 2309 Palladis
2848 2244 3087 2310 alatum
3112 2292 3131 2323 ,
3184 2244 3394 2331 juxta
3439 2246 3527 2317 X.
3605 2303 3608 2304 ν

1931 2334 2138 2399 CN.
2176 2337 2333 2406 DO.
2390 2342 2681 2427 Dioscuri
2701 2344 2956 2425 equites.
2981 2377 3076 2391 -—·
3129 2343 3261 2407 CN.
3284 2343 3522 2413 DOM.

1997 2431 2292 2497 Victoria
2334 2439 2403 2498 in
2435 2441 2575 2501 citis
2613 2435 2784 2517 bigis
2799 2459 2827 2515 ,·
2875 2442 3053 2514 infra
3095 2440 3268 2503 miles
3295 2441 3524 2507 leonem

1988 2528 2310 2616 adversim
2364 2530 2534 2619 hasta
2593 2542 2831 2616 petens.
2881 2567 2979 2579 —
3053 2534 3186 2596 CN.
3247 2534 3455 2598 DOM
3467 2538 3518 2604 1.

1986 2625 2281 2709 Iuppiter
2311 2633 2380 2693 in
2409 2631 2592 2693 lentis
2629 2628 2967 2715 quadrigis
3003 2632 3069 2694 d.
3129 2651 3425 2710 ramum,
3455 2634 3524 2720 s

375 2721 755 2786 distantem.
807 2727 1067 2787 Aversa
1102 2720 1694 2785 Domitiumfuiss'e
1732 2743 1904 2809 pon·
1971 2721 2238 2807 fulmen.

372 2818 637 2883 tificatu
678 2819 995 2907 insignem
1038 2822 1283 2904 arguit.

944 2970 981 3002 U*
1301 2965 1339 3000 ἢ

346 3010 672 3081 ‘Coi-bulo.

472 3108 743 3195 Insignis
784 3109 897 3173 sub
957 3102 1229 3174 Ne‘rone
1271 3110 1433 3175 dux.
1534 3109 1695 3189 Ejus
1763 3128 1901 3172 me·

372 3206 571 3269 minit
605 3228 847 3270 numus
915 3207 1487 3270 Dioshieritaru'm
1564 3207 1835 3291 Lydiae
1874 3256 1899 3291 ,

379 3322 581 3387 quem
623 3306 777 3369 vide
828 3304 999 3374 Vol..
1020 3305 1138 3368 111.
1184 3324 1251 3389 p.
1314 3324 1470 3368 100.

2089 2821 2221 2886 CN.
2272 2824 2543 2889 DOMI.
2598 2825 2700 2888 Μ.
2774 2822 2997 2889 SILA.
3064 2822 3149 2906 Q.
3209 2822 3514 2895 CVRTI.

1985 2916 2251 2984 Numos
2304 2921 2389 2986 fic
2432 2922 2788 3007 inleriptos
2826 2921 2987 2984 vide
3021 2920 3221 3008 supra
3259 2923 3328 2987 in
3362 2925 3518 2992 Cur-

1984 3015 2108 3077 tia.

2086 3111 2221 3176 CN.
2262 3112 2555 3176 DOMI.·
2580 3148 2681 3161 ——
2730 3114 2865 3179 CN.
2943 3102 3239 3182 DOME.
3291 3116 3363 3182 in
3428 3117 3526 3184 se-

1976 3207 2294 3271 missibus
2331 3224 2398 3271 et
2435 3210 2953 3294 quadrantibus.

2064 3305 2241 3371 AR.
2296 3316 2358 3371 et
2402 3307 2558 3373 ΑΕ.
2616 3307 2684 3372 C.

1601 3578 2326 3659 DVILIA...

392 3844 401 3852 ,
470 3770 677 3842 unffi
730 3746 1116 3844 Goltziahi.

1581 4062 2309 4144 DVRMIA:

474 4261 654 4329 Gens
737 4266 970 4352 ignota
1076 4285 1291 4352 usque
1402 4224 1496 4332 ad
1621 4265 1898 4354 Augusti
1977 4288 2064 4332 ne
2164 4287 2403 4333 omnes
2463 4264 2735 4335 Daunii
2854 4267 3116 4337 denarii
3213 4270 3497 4361 infignes

378 4374 725 4439 aetatem,
802 4367 988 4446 cujus
1054 4368 1280 4450 capite
1361 4365 1475 4430 vel
1520 4364 1894 4451 inscriptio·
1979 4367 2148 4430 sunt.

2935 4450 2942 4457 ·
2973 4442 3008 4477 C

448 4602 507 4671 a)
541 4601 657 4658 nio
693 4604 1069 4667 saxam,
1104 4610 1371 4668 Vanam.
1407 4609 1474 4668 1..
1510 4609 1591 4668 tr.
1625 4627 1675 4674 ο.
1713 4619 1799 4679 78·

2878 4685 3136 4755 002.
