4175 5450
1931 36 2433 163 RERvffi.
3579 37 3610 188 g

743 307 1045 402 purpura
1081 274 1327 354 confici
1360 283 1578 349 solita.
1633 301 1800 353 333.
1895 286 2157 351 Eadem
2284 299 2449 364 ..73
2550 281 2740 347 Idem
2792 299 3042 347 nomen
3135 284 3343 349 etiam
3426 295 3616 378 mont

742 387 813 450 in
845 371 1062 449 numis
1113 383 1206 446 ad
1266 399 1640 467 cognomen
1698 382 2157 470 Purpureonis
2333 377 2730 464 peregrinae
2788 385 3271 462 nonnunquam
3334 380 3620 467 inscripti

627 503 632 507 ·
745 479 1032 545 adludit.
1081 474 1237 561 md.
2333 483 2450 553 34.
2493 483 2613 549 44.
2660 473 2927 537 Romae
2962 467 3213 557 lignum
3253 474 3324 540 in
3344 495 3551 550 numo
3587 479 3622 544 α’

634 573 891 641 Puteal
927 572 1112 662 quid.
1159 591 1325 654 301.
1423 569 1667 633 Puteal
1698 568 2031 634 Scribonii
2077 571 2153 633 in
2335 565 2553 629 sulari.
2593 578 2712 649 43.
2811 567 3074 630 Romae
3103 568 3364 634 vetusta
3395 582 3553 633 acta
3583 567 3626 638 G

746 661 1041 734 denariis
1074 664 1297 730 Paulli
1340 664 1640 752 Lepidi,-
1676 676 1744 728 et
1800 684 1937 729 cur.
1995 686 2150 748 ι30.
2339 659 2564 723 lorum
2598 660 2936 725 Senonum
2975 660 3155 726 bello
3208 664 3544 730 interiere.
3584 667 3630 744 ε

2246 753 2527 818 Roscius
2563 757 2956 820 comoedus.
3055 756 3451 845 Prodigium
3499 751 3634 840 ini!

643 860 738 942 Ω
752 858 954 943 saepe
987 854 1276 942 pontum
1310 876 1439 942 pro
1474 853 1553 919 C.
1593 875 1708 943 75.
1749 855 1912 939 365.
2342 849 2631 917 miss'um.
2686 868 2848 934 393.

643 954 1016 1045 Quadrans
1051 970 1344 1035 numus,
1380 954 1666 1062 'ejusque
1709 953 1887 1035 typi.
1943 950 2058 1018 16.
2246 940 2542 1009 Rostra·
2521 964 2591 1008 ιιι
2628 945 2923 1010 denariis
2956 942 3247 1012 Lolliae.
3303 949 3468 1032 336.

648 1031 1112 1132 Quaestores
1085 1066 1163 1109 ιιι
1200 1046 1570 1131 provinciis
1605 1044 1947 1131 signavere
2009 1065 2154 1109 mo-

748 1155 1005 1208 netam.
1061 1143 1173 1222 69.
1273 1140 1532 1207 Vrbani
1579 1138 1764 1225 signa
1836 1131 2162 1205 militaria
2249 1131 2655 1199 Sabinarum
2713 1147 2949 1220 raptus
2979 1135 3048 1202 in
3093 1138 3389 1202 denariis
3427 1089 3648 1206 Tituri

653 1309 658 1314 ,
750 1240 825 1301 111
857 1235 1125 1301 aerario
1161 1234 1547 1302 servabant.
1591 1238 1751 1301 260.
2340 1230 2511 1312 336.
3648 1255 3649 1266 ¹

651 1332 1105 1417 Quatuorviri
1138 1329 1532 1397 monetales.
1581 1329 1755 1393 Vide
1793 1331 2158 1396 Triumvirae‘.
2255 1322 2724 1389 Sacerdotium
2754 1324 2939 1389 ide'm
2977 1327 3150 1390 duos
3211 1347 3299 1391 cx
3349 1346 3487 1393 una
3569 1299 3654 1415 ge

653 1426 1028 1513 Quinarius
1057 1444 1300 1490 numus
1333 1436 1711 1509 argenteus.
1763 1442 1874 1488 30.
1944 1424 2166 1493 Causa
2352 1418 2597 1483 eodem
2665 1431 2974 1506 tempore
3061 1421 3317 1487 habere
3380 1419 3658 1510 permiffl

751 1521 1071 1588 nominis.
1117 1519 1271 1586 ibid.
1368 1519 1528 1600 Ejus
1563 1520 1633 1583 in
1663 1521 1886 1584 numis
1926 1533 2162 1589 notae.
2348 1531 2488 1576 non
2520 1510 2891 1593 fuit.184.

621 1619 665 1704 ’,
753 1615 913 1683 ibid.
1012 1617 1172 1709 Ejus
1206 1614 1357 1701 typi
1388 1614 1458 1677 in
1493 1611 1989 1697 antiquissimis.
2008 1613 2163 1681 ibid.
2260 1608 2561 1693 Sagittae
2595 1609 2873 1674 Baccho
2906 1610 3222 1677 tributae·
3283 1624 3441 1688 180·

757 1711 989 1776 S'erius
1033 1697 1424 1776 Victoriam
1477 1728 1602 1794 pro
1650 1721 1822 1796 typo
1870 1707 2165 1789 habent,
2259 1703 2524 1772 Salutio
2563 1702 2916 1769 Cornelius
2954 1725 2998 1768 a
3030 1708 3156 1771 Iul.
3175 1705 3482 1773 Caesare
3512 1729 3635 1794 per

665 1827 706 1835 ··
760 1818 965 1890 atque
997 1794 1159 1867 inde'
1189 1804 1355 1870 dicti
1391 1805 1775 1869 victoriati.
1842 1802 1995 1869 ibid.
2366 1797 2660 1863 dibrium
2698 1801 2795 1864 in
2805 1799 3055 1866 Africa*
3104 1802 3320 1867 dictus
3371 1803 3671 1900 imperat

662 1900 1029 1984 Quincunx
1058 1917 1322 1963 numus.
1384 1917 1489 1980 15.
1588 1898 2012 1979 Quincunces
2047 1918 2167 1963 nu·
2360 1911 2515 1978 153.

765 1996 861 2057 mi
893 1992 1231 2058 rarissimi.
1283 2004 1400 2068 48.
2070 2009 2084 2022 ·
2263 1987 2518 2054 Salutis
2562 2003 2792 2077 caput.
2838 2013 2863 2055 1
2888 2013 2994 2075 19.
3043 2011 3206 2076 330.
3314 1994 3493 2078 Ejus
3527 1995 3678 2060 aed«

667 2075 1135 2173 Quinquatrus
1168 2088 1464 2151 minores
1499 2082 1871 2173 institutae,
1916 2099 1985 2151 et
2035 2106 2174 2173 qua
2363 2098 2578 2149 vovet
2594 2086 2820 2150 Iunius
2842 2085 3214 2152 Bubulcus.
3267 2106 3430 2173 330.

653 2171 662 2178 ’
767 2181 1135 2248 occasione.
1179 2183 1341 2262 376.
1643 2235 1648 2244 .
2267 2178 2592 2246 Saturnus
2647 2182 2913 2267 praeses
2950 2182 3424 2266 agriculturae.
3483 2203 3641 2266 159.

677 2278 951 2362 Quirini
996 2288 1202 2362 caput
1287 2277 1361 2340 in
1445 2272 1739 2339 denariis
1785 2276 2177 2346 Memmiae.
2366 2275 2662 2339 denariis
2682 2275 2952 2339 Sentiae
2989 2273 3244 2341 adlufio
3273 2279 3360 2342 ad
3398 2297 3683 2363 cognom

776 2389 939 2456 351.
2296 2399 2301 2404 -
2365 2370 2731 2435 Saturnini.
2780 2389 2947 2454 305.
3045 2371 3206 2452 Ejus
3238 2375 3532 2458 caputin
3567 2374 3692 2437 den

670 2467 880 2553 QVM
913 2485 1039 2553 pro
1076 2463 1297 2532 CVM.
1301 2479 1320 2496 ·
1354 2477 1506 2549 138.
2364 2466 2485 2528 riis
2520 2464 2774 2529 Pisonis
2813 2478 2880 2529 et
2915 2462 3322 2551 Caepionis,
3382 2487 3537 2552 ¹59·
3639 2471 3696 2532 N

2260 2627 2267 2634 ,
2362 2563 2548 2638 riae,
2602 2557 2760 2627 360.
2859 2560 3150 2629 Noniae.
3220 2564 3382 2643 361.
3502 2563 3577 2626 In
3633 2568 3690 2646 ej

673 2656 884 2723 REN.
934 2656 1094 2738 Ejus
1133 2652 1580 2744 significatio
1555 2676 1629 2722 1n
1683 2676 1892 2726 numo
1930 2660 2176 2727 Hadri·
2363 2657 2551 2722 aede.
2574 2646 2952 2737 aerarium,
3022 2668 3090 2718 et
3151 2654 3335 2744 signa
3423 2658 3696 2723 militari

701 2774 708 2779 ·
774 2753 911 2820 ani.
968 2770 1125 2817 103.
2360 2756 2524 2819 360.

673 2849 993 2915 Renones
1033 2846 1213 2910 male
1252 2866 1296 2909 a
1347 2848 1686 2912 nonnullis
1747 2849 1820 2913 in
1882 2850 2179 2915 denariis
2272 2850 2564 2915 Scaurus
2597 2850 2876 2911 Aretam
2913 2846 3214 2913 Arabiae
3248 2869 3473 2935 regem
3518 2852 3607 2914 ad
3657 2872 3696 2936 p

777 2944 1038 3007 Reniae
1079 2939 1240 3020 vifi,
1292 2943 1410 3024 qui
1455 2962 1529 3004 re
1582 2943 1730 3026 ipsa
1779 2942 1952 3007 hirci
2011 2945 2179 3011 sum.
2266 2944 2293 2971 “·
2367 2962 2515 3007 cem
2577 2941 2944 3026 compellit.
2990 2932 3146 3026 131.
3247 2944 3482 3009 Scauri
3538 2949 3693 3009 aedi

779 3054 943 3120 393.
2338 3049 2473 3123 με
2540 3036 2858 3100 ludorum
2928 3037 3434 3123 magnificentia
3500 3040 3693 3103 nobil

676 3136 979 3201 Reorum
1005 3127 1316 3215 scopulus
1343 3142 1625 3216 propter
1649 3131 2056 3216 judiciorum
2089 3133 2183 3197 se·
2378 3148 2534 3215 133.

777 3227 1141 3293 veritatem
1192 3222 1738 3293 dictus-Cassius.
1775 3240 1823 3292 ἰ
1840 3229 1954 3293 66.
2273 3226 2507 3312 Scipio
2544 3225 2860 3291 Metellus
2917 3226 3204 3290 summus
3245 3228 3313 3291 in
3362 3226 3601 3293 Africa
3655 3250 3696 3293 a

678 3321 936 3389 REST.
974 3318 1492 3386 RESTITVIT.
1587 3320 2186 3411 Ejusfignificatio.
2238 3342 2243 3347 ·
2369 3322 2596 3385 versus
2625 3320 2751 3386 lul.
2787 3320 3141 3386 Caesarem
3182 3324 3575 3408 imperator.
3622 3346 3696 3409 15

784 3435 944 3500 103.
2274 3413 2523 3481 Scrofa
2554 3434 2708 3480 cum
2737 3417 3014 3503 triginta
3040 3417 3285 3485 suculis
3318 3418 3591 3485 Lavinii
3623 3441 3696 3485 co

687 3504 1200 3577 Restitutionum
1250 3510 1461 3574 numi.
1525 3529 1640 3594 97.
1771 3514 2025 3579 Variae
2103 3513 2189 3578 de
2288 3532 2297 3541 ’
2376 3510 2581 3576 dendi
2626 3511 2847 3577 causa.
2886 3529 3093 3597 331.-

783 3605 1312 3691 hissententiae.
1374 3607 1530 3674 106.
1627 3605 1766 3691 Qui
1822 3608 2213 3695 imperato-·
2284 3605 2494 3673 Scuta
2544 3607 2998 3671 Macedonica
3032 3608 3391 3674 victoriam
3451 3611 3536 3674 de
3588 3610 3696 3674 Pse

783 3719 895 3765 res
938 3701 1010 3763 in
1047 3701 1268 3766 numis
1310 3701 1472 3764 dicti
1535 3700 2002 3767 restitutores?
2076 3716 2191 3785 98.
2379 3700 2784 3788 dophih‘ppo
2820 3700 3157 3769 testantur.
3206 3723 3363 3788 153.

786 3794 1050 3860 Horum
1083 3814 1439 3861 numorum
1480 3798 1852 3883 catalogus.
1902 3797 2053 3865 ibid.
2196 3824 2201 3829 ·
2276 3797 2461 3864 Sella
2495 3796 2765 3862 curulis.
2807 3816 2965 3882 337.
3063 3800 3245 3873 Inter
3285 3801 3501 3877 hanc,
3554 3812 3621 3864 et
3636 3799 3696 3863 su

693 3890 958 3956 ROMA
1002 3890 1198 3976 saepe
1232 3889 1650 3957 familiarum
1694 3895 1912 3958 numis
1969 3894 2188 3958 inscri—
2372 3892 2559 3955 sellia
2594 3895 2983 3969 communia
3015 3895 3390 3961 discrimen.
3434 3916 3600 3980 317.
3635 3896 3696 3960 S«

784 3997 978 4166 Ῑέῗιιιιι
992 4004 1180 4165 ,V7›o.
1225 3987 1433 4052 etiam
1467 3987 1538 4054 in
1576 4001 2186 4113 monogrammate.
2369 3988 2441 4053 la
2462 3986 2707 4054 curulis
2737 3989 2913 4055 inter
2944 3988 3182 4071 fasces,
3206 4002 3310 4151 etz
3308 3990 3590 4063 secures
3614 4010 3696 4059 22

899 4101 935 4145 o
3081 4134 3101 4155 .
3358 4107 3402 4152 z
3542 4138 3547 4142 -
3620 4148 3633 4156 ,
