4175 5450
1521 81 2180 210 vaP1c1A

257 323 532 410 perium
568 324 844 418 intulg‘ffe.
941 319 1262 415 l'nteuigit
1295 338 1523 393 autem
1576 325 1798 392 Servi-

241 437 403 483 ·um
444 423 819 508 Sulpicium
879 420 1192 489 Galbam.
1338 427 1564 509 Atque
1625 422 1801 485 haec

263 518 468 582 ratio
501 515 629 593 est,
682 538 800 582 cur
857 519 923 581 in
999 520 1106 583 his
1146 521 1441 584 denariis
1506 536 1796 605 praeno-

265 631 446 676 men
476 611 845 678 SERVIVS
882 615 1080 702 plene
1113 614 1480 694 scribatur,
1532 633 1690 678 cum
1727 631 1796 675 a·

263 705 415 771 lias
462 710 912 793 praenomina
969 710 1405 796 paucioribus
1462 710 1676 773 literis
1719 705 1794 768 fi-

265 803 417 865 niri
457 803 942 883 consueverint,
971 818 1040 870 et
1076 806 1311 871 diserte
1330 802 1594 869 testetur
1608 803 1797 867 Plut-

276 897 539 961 archus
564 945 583 976 ‚
609 905 666 977 ¹)
714 917 1132 985 praenomen
1167 901 1380 967 Servii
1415 901 1630 964 tribus
1659 900 1794 985 pri·

189 1015 194 1024 ·
271 993 417 1056 mis
456 993 672 1058 literis
703 993 892 1060 fuisse
927 1011 1305 1061 exaratum.
1426 996 1596 1078 Quis
1654 992 1798 1057 fue·

271 1087 375 1150 rit
408 1086 523 1152 hic
555 1089 635 1151 L.
672 1091 946 1156 Servius
979 1092 1234 1170 Rufus,
1285 1112 1424 1156 non
1457 1092 1611 1155 satis
1638 1109 1796 1153 con·

275 1178 433 1246 stat.
536 1183 931 1252 Existimant
992 1190 1278 1268 eruditi,
1346 1186 1536 1250 fuiss’e
1578 1183 1794 1249 filium

276 1275 432 1341 Ser.
459 1277 742 1365 Sulpicii
779 1283 932 1346 Rufi
985 1284 1267 1347 celebris
1305 1280 1795 1366 jurisconsulti,

278 1388 353 1438 et
411 1375 758 1440 Ciceronis
793 1379 1035 1458 amici,
1101 1383 1289 1461 cujus
1331 1398 1481 1443 cum
1519 1396 1602 1443 eo
1648 1376 1794 1439 lite-

272 1490 515 1534 rarum
560 1476 1039 1538 commercium
1079 1488 1351 1552 notum,
1399 1475 1518 1559 qui
1570 1470 1799 1544 consul

273 1569 365 1630 V.
400 1566 483 1630 C.
518 1586 654 1650 703
688 1567 964 1633 subinde
1015 1569 1319 1634 Caesaris
1380 1581 1607 1655 partes
1647 1587 1795 1631 am-

275 1661 533 1754 plexus
575 1663 645 1724 in
721 1664 1061 1747 legatione
1106 1668 1197 1729 ad
1262 1667 1360 1732 M.
1420 1665 1796 1728 Antonium

279 1769 601 1841 tempore
635 1756 795 1820 belli
829 1760 1218 1823 Mutinensis
1257 1760 1471 1836 obiit,
1523 1780 1611 1822 ex
1658 1778 1794 1841 quo

283 1849 620 1915 Cicerone
671 1866 1030 1952 perorante
1074 1866 1220 1917 tota
1253 1855 1641 1938 Philippica
1679 1854 1796 1915 IX.

284 1944 507 2009 statua
546 1947 610 2009 ei
659 1933 975 2031 pedestris
1016 1968 1232 2012 aenea
1257 1947 1473 2035 posita
1502 1945 1612 2029 est,
1662 1967 1800 2032 quo

279 2041 445 2104 loco
484 2062 526 2103 a
552 2041 882 2104 Cicerone
918 2057 1248 2108 vocatur:
1301 2044 1446 2109 Ser.
1487 2044 1802 2129 Sulpicius

288 2138 380 2223 Q.
390 2139 572 2226 filius
605 2139 901 2203 Lemonia
937 2139 1169 2226 Rufus.
1253 2155 1254 2158 ’

379 2232 710 2296 Censuere
739 2234 1081 2320 plerique,
1136 2248 1343 2321 capu)
1377 2233 1634 2299 denarii
1662 2237 1794 2319 pri-

283 2329 430 2393 oris
470 2330 598 2392 effe
644 2327 838 2408 hujus
869 2330 1069 2416 ipsius
1105 2331 1250 2395 Ser.
1288 2331 1570 2415 Sulpicii
1599 2331 1794 2413 juris·

287 2422 572 2488 consulti
606 2444 652 2486 a
685 2422 829 2487 filio
864 2425 941 2489 L.
969 2425 1208 2490 Servio
1244 2428 1615 2490 memoriae
1639 2445 1793 2489 cau·

286 2519 361 2583 sa
398 2538 603 2582 numo
639 2519 838 2585 illati.
962 2521 1321 2586 Reclamat
1376 2522 1793 2586 Havercam·

287 2635 416 2700 pus
445 2626 724 2701 propter
761 2614 1073 2695 barbam,
1128 2638 1330 2703 quam
1347 2617 1641 2680 Romani
1662 2618 1794 2701 pri-

290 2712 446 2775 dem
488 2710 670 2774 alere
696 2710 1048 2788 desivere3
1119 2711 1550 2777 referendum
1617 2713 1793 2777 adeo

283 2808 512 2891 potius
552 2806 640 2869 ad
707 2811 1180 2895 perantiquum
1235 2809 1375 2872 Ser.
1427 2807 1797 2892 Sulpicium

287 2900 540 2963 Rufum
580 2899 924 2963 tribunum
973 2902 1260 2965 militum
1320 2900 1612 2963 Tusculo
1664 2904 1796 2962 ser-

295 3007 459 3057 vato
501 2992 955 3073 celebratum,
1010 2997 1093 3058 de
1157 3014 1294 3077 quo
1352 3013 1538 3056 mox.
1634 2996 1796 3056 Per-

295 3084 528 3177 peram
553 3135 574 3165 ,
618 3107 783 3151 nam
817 3101 1080 3153 veteres
1113 3090 1213 3152 illi
1240 3088 1534 3154 Romani
1557 3133 1578 3165 ,
1633 3108 1795 3171 quo-

291 3202 615 3275 rumlnon
649 3203 824 3268 ‘raro
863 3182 1120 3270 effigies
1156 3187 1226 3248 in
1261 3186 1395 3247 hac
1439 3203 1798 3247 numerum

297 3280 488 3345 class'e
522 3290 1027 3366 proponuntur,
1092 3292 1169 3343 ut
1221 3279 1301 3348 L.
1357 3280 1551 3342 Bruti
1595 3277 1801 3365 primi

299 3375 618 3457 consulis,
670 3373 935 3437 Ahalae
963 3424 984 3453 ,
1053 3376 1478 3460 aliorumque
1507 3423 1528 3453 ,
1581 3374 1798 3438 multo

295 3471 751 3536 liberaliorem
788 3468 1075 3535 barbam
1113 3472 1536 3555 promittunt,
1590 3490 1799 3555 quam

301 3588 469 3652 quae
523 3568 592 3630 in
634 3566 765 3629 hoc
802 3567 1084 3629 denario
1151 3567 1372 3628 tenuis
1451 3585 1533 3627 ac
1585 3584 1798 3650 parca

302 3680 500 3749 genas
548 3658 760 3725 vestit.
876 3663 1200 3725 Putarem
1276 3661 1735 3723 Octavianum
1777 3707 1797 3737 ‚

304 3759 482 3843 quod
515 3761 652 3838 jam
702 3756 1040 3840 aliquibus
1085 3754 1335 3832 virum,
1388 3755 1502 3818 sed
1534 3772 1667 3817 non
1706 3754 1798 3816 sa·

303 3854 384 3917 tis
414 3853 586 3917 hunc
613 3844 1083 3936 'comprobant
1097 3851 1528 3914 lineamenta.
1579 3849 1801 3910 Litem
1835 3934 1842 3941 .

371 4086 423 4150 a)
460 4084 677 4205 Qnaest.
701 4085 876 4138 ·.Rom
1106 4084 1164 4153 b)
1199 4085 1326 4145 Lir
1360 4084 1570 4142 1..V1.
1609 4101 1653 4137 c.

314 4170 431 4223 pus.
614 4151 774 4222 e)de
810 4151 941 4209 Nat.
977 4151 1128 4209 deor.
1163 4153 1232 4214 L.
1265 4152 1345 4217 11
1383 4172 1429 4208 c.
1467 4170 1551 4222 27.

1683 4100 1778 4220 {3³
1764 4152 1984 4213 snum

3257 153 3405 224 319

1890 345 2050 412 ergo
2076 317 2520 409 injudicatam
2555 323 2933 411 relinquere
2966 322 3171 389 satius
3204 338 3403 411 puto.

1888 422 2074 506 quod
2101 420 2237 485 feci
2274 420 2482 485 etiam
2513 421 2583 483 in
2602 419 2796 487 ‘simili
2827 420 3029 486 causa
3057 422 3245 485 numi
3270 421 3398 486 A'r

1885 517 1969 578 rii
2001 505 2313 580 Secundi.
3188 538 3199 554 ·

1980 611 2150 674 Pars
2185 613 2472 676 aversa
2448 635 2588 695 Jam
2645 615 2715 677 in
2754 611 3084 696 judicium
3129 631 3392 677 vocan-

1885 706 1999 770 da.
2104 703 2429 771 Geminos
2470 701 2709 774 stant'es
2771 708 2897 784 esse
2970 708 3345 773 Dioscuros
3369 757 3395 787 ,

1885 820 2122 866 eorum
2160 801 2379 867 cultus
2437 817 2507 868 et
2582 802 2913 870 attributa
2951 803 3187 888 palam
3251 804 3391 868 elo-

1886 909 2199 982 quuntur.
2294 901 2520 984 Atque
2555 902 2763 964 iidem
2812 898 3214 984 agnoscendi
3274 901 3394 962 eti-

1886 1010 1999 1069 am
2031 1011 2119 1054 ex
2148 992 2391 1057 iisdem
2447 995 2656 1059 causis
2711 996 2783 1058 in
2816 995 3071 1058 -antica
3130 979 3395 1057 denarii
3443 978 3465 1000 ‘

1880 1086 1971 1149 11.
2076 1085 2296 1151 Causa
2330 1089 2489 1154 lecti
2542 1090 2740 1173 hujus
2773 1090 2923 1173 typi
2955 1088 3121 1166 fuit,
3205 1089 3396 1174 quod

1881 1175 2157 1247 Servius
2192 1184 2527 1271 Sulpicius
2563 1187 2868 1252 tribunus
2911 1185 3198 1247 militum
3240 1203 3397 1248 con·

1882 1278 2448 1363 &lari-potestate
2486 1285 2570 1345 V.
2631 1279 2722 1352 C„
2747 1294 2889 1365 378
2934 1278 3297 1343 Tusculum
3349 1299 3397 1344 a

1884 1374 2145 1439 Latinis
2184 1373 2455 1440 infensis
2490 1389 2685 1441 arcta
2718 1375 3063 1441 obfidione
3108 1375 3397 1458 pressum

1885 1490 2039 1533 cum
2077 1472 2380 1533 exercitu
2419 1473 2528 1535 eY
2576 1464 2740 1534 urbe
2792 1471 3158 1535 adcurrens
3228 1469 3392 1534 libe-

1883 1566 2085 1639 ravit;
2134 1553 2196 1642 Ι’)
2295 1568 2389 1630 At
2444 1564 2700 1631 conflat
2753 1588 2840 1630 ex
2909 1564 3276 1640 Cicerone,
3330 1563 3392 1646 θ)

1888 1661 2116 1727 stetisse
2150 1660 2423 1726 Tusculi
2453 1664 2659 1727 aedes
2698 1659 3019 1737 Castoris,
3073 1674 3142 1724 et
3170 1659 3398 1746 Pollu-

1886 1762 1983 1823 cis
2005 1808 2028 1842 ,
2081 1769 2150 1819 et
2188 1754 2530 1820 Castorem
2563 1760 2636 1822 in
2668 1757 2803 1823 hoc
2836 1757 3099 1843 oppido
3142 1753 3397 1820 cultum

1886 1857 2093 1918 docet
2130 1853 2336 1915 etiam
2368 1851 2617 1916 Festus.
2669 1844 2727 1929 ὅ)
2828 1855 3041 1936 Hujus
3061 1872 3224 1938 ergo
3253 1854 3401 1917 avi«

1883 1953 1935 2013 ti
1973 1949 2253 2012 honoris
2298 1948 2502 2012 eausa
2536 1967 2674 2012 non
2712 1950 2921 2012 modo
2955 1949 3237 2028 numina
3252 1950 3391 2012 Tu·
3432 1965 3445 1974 '

1882 2043 2169 2109 sculanis
2199 2044 2569 2128 praecipua
2628 2042 2953 2128 religione
2997 2042 3188 2105 sacra
3215 2088 3236 2118 ,
3286 2042 3401 2104 sed

1885 2153 1955 2204 et
1992 2138 2138 2223 ipsa
2178 2138 2338 2201 urbs
2382 2138 2743 2202 Tusculum
2795 2139 2864 2201 in
2919 2135 3396 2222 praestanti-ssi-

1885 2255 2000 2299 mo
2039 2233 2255 2297 altero
2296 2252 2503 2296 aureo
2528 2245 3020 2319 proponuntur.
3071 2232 3399 2296 Ad·idem

1884 2343 2352 2415 argumentum
2385 2348 2788 2393 revocamus
2824 2329 3031 2391 etiam
3067 2327 3297 2412 capita
3328 2327 3397 2389 in

1881 2437 2089 2491 humo
2138 2425 2260 2488 111.
2299 2421 2650 2502 exstantia,
2703 2423 2813 2487 etfi
2848 2427 3045 2506 juxta
3078 2421 3396 2508 scriptum

1884 2520 1961 2584 fit
1991 2520 2077 2583 D.
2119 2521 2194 2582 Ρ
2230 2521 2306 2582 Ρ.
2336 2520 2409 2582 id
2450 2517 2573 2583 est.
2627 2520 2753 2584 Du·
2785 2521 3067 2583 Penates.
3158 2517 3395 2580 Simi-

1882 2617 1980 2680 lia
2012 2616 2246 2699 capita
2308 2618 2547 2698 jugata
2596 2616 2908 2678 laureata
2986 2612 3392 2699 imminenti-

1885 2710 2016 2781 bus
2047 2708 2234 2775 astris
2269 2708 2414 2773 sunt
2453 2710 2660 2775 etiam
2699 2711 2782 2774 in
2812 2709 3107 2774 denariis
3146 2707 3392 2772 Fonte·

1882 2809 1993 2871 iae
2027 2807 2268 2870 addito
2305 2807 2478 2882 PP..
2527 2807 2601 2870 id
2646 2805 2772 2869 est.
2824 2806 3109 2872 Penates.
3205 2806 3297 2866 At
3322 2822 3393 2866 a·
3408 2882 3421 2895 θ

1881 2903 2142 2986 pertius
2175 2902 2248 2963 in
2275 2901 2488 2985 gentis
2530 2903 2777 2964 Antiae
2813 2902 3032 2963 numis
3058 2902 3255 2997 juxta
3277 2917 3397 2961 ca-

1884 2996 2035 3080 pita
2065 2994 2303 3059 itidem
2334 2997 2571 3091 jugata
2617 2995 2860 3080 legitur
2888 2995 3074 3059 DEL
3096 2980 3394 3056 PENA-

1885 3087 2076 3152 TES.
2174 3072 2500 3153 Diversa
2482 3109 2551 3152 m
2578 3089 2869 3174 speciem
2902 3089 3206 3169 numina,
3235 3089 3396 3172 quia

1888 3183 2135 3246 aliter
2116 3203 2184 3245 m
2217 3185 2440 3246 numis
2483 3185 2958 3260 enuncientur.
3022 3182 3240 3270 reipsa
3291 3194 3390 3246 ta·

1890 3297 2045 3342 men
2069 3279 2312 3341 eadem
2348 3277 2494 3345 sunt
2556 3299 2707 3343 cum
2750 3277 3117 3342 Dioscuris.
3219 3279 3391 3342 Fue-

1885 3384 2041 3437 runt
2082 3374 2515 3437 dei-Penates
2546 3375 2712 3437 dicti
2744 3372 3103 3437 secundum
3123 3376 3389 3441 Cicero-

1886 3488 2041 3533 uem
2068 3466 2129 3551 e)
2164 3470 2291 3557 five
2330 3488 2372 3533 a
2411 3488 2586 3553 penu
2616 3468 2799 3534 ducto
2826 3473 3065 3535 nomine
3103 3472 3210 3558 (est
3230 3472 3409 3537 enim⁴

1888 3584 2061 3628 omne
2093 3610 2113 3641 ,
2161 3584 2282 3650 quo
2319 3565 2636 3658 vqfiuntur
2670 3563 2942 3630 homines
2963 3614 2983 3644 ,
3029 3566 3261 3650 penus)
3295 3565 3392 3651 fi-

1886 3680 1959 3723 ve
2003 3658 2082 3724 ab
2134 3678 2238 3742 eo,
2294 3660 2461 3745 quod
2491 3662 2757 3745 penitus
2799 3662 3091 3746 inssdent,
3141 3684 3220 3727 ex
3269 3681 3391 3748 quo

1888 3757 2074 3818 etiam
2091 3755 2448 3839 ‚penetrales
2512 3775 2553 3819 a
2590 3758 2793 3840 poetis
2859 3767 3180 3823 vocantur.
3279 3759 3392 3823 Se·

1888 3852 2182 3913 cundum
2218 3851 2650 3914 Macrobium
2680 3840 2735 3932 f)
2787 3853 3056 3918 Penates
3067 3854 3241 3941 sunt,
3283 3870 3403 3938 per
3508 3846 3517 3860 “

1972 4086 2026 4143 e)
2065 4083 2136 4136 de
2176 4084 2305 4138 Divi
2310 4095 2424 4137 nat.
2459 4084 2522 4138 L.
2560 4085 2609 4145 1
2648 4102 2694 4144 o.
2730 4097 2816 4153 43.

3029 4085 3401 4159 d)inStrop·

2019 4151 2083 4214 L.
2120 4153 2226 4207 111.
2262 4169 2308 4207 c.
2345 4169 2403 4222 4,
2907 4163 2928 4199 ·.
3068 4188 3081 4195 ,

3283 4723 3295 4736 C

198 4792 205 4800 ο

3446 4830 3451 4837 ι

2440 4868 2455 4879 1

2348 4952 2375 4961 “
2496 4960 2507 4965 -

3618 4964 3633 4979 Q
