4175 5450
1702 588 2120 671 IVNIA.
3005 669 3020 674 ,
3339 617 3482 685 ²29

290 794 411 861 --L.
445 791 658 865 IVLI.
716 792 1009 866 Victoria
1035 796 1105 862 in
1139 794 1282 862 citis
1312 792 1504 883 bigis.
1605 793 1754 859 AR.
1774 788 1854 857 C.
1953 816 1973 835 =
2031 757 2297 858 Numos
2337 782 2643 853 Caesaris
2683 785 3040 856 dictatoris
3076 809 3331 877 quaere
3391 794 3465 859 in

764 927 780 943 ο.
1079 894 1111 928 ἥ
1572 921 1581 927 ’

893 945 926 980 ,
1252 945 1290 980 a
1936 901 2217 953 moneta
2247 887 2762 973 imperatorum.

1610 1105 2174 1253 JVN1A

294 1431 303 1438 .
419 1380 602 1450 Gens
645 1367 787 1448 sub‘
805 1381 1078 1470 regibus
1114 1380 1412 1469 patricia
1436 1427 1456 1460 ‚
1508 1379 1624 1446 sed
1661 1393 1843 1466 quae
1925 1370 2209 1461 insignes
2243 1422 2264 1454 ,
2315 1374 2416 1440 M.
2456 1371 2713 1439 Iuniam
2754 1372 3069 1453 Brutum,
3122 1374 3239 1461 qui
3282 1390 3348 1443 et
3368 1379 3452 1447 P.

293 1481 392 1544 in
436 1483 659 1545 numis
693 1478 946 1558 exstat,
995 1479 1271 1566 plebeia
1314 1499 1399 1544 ex
1418 1476 1707 1542 tribunis
1743 1475 1840 1560 pl.
1930 1470 2153 1556 Caepio
2183 1520 2203 1551 ,
2265 1468 2572 1536 Caesaris
2641 1470 2999 1535 dictatoris
3064 1474 3450 1557 percussor,

319 1577 723 1662 agnoscitur.
827 1576 1300 1663 Cognomina:
1368 1580 1662 1655 Brutus,
1731 1572 1843 1640 Sa·-
1927 1579 1996 1631 et
2030 1569 2362 1635 Decimum
2409 1557 2673 1633 Iunium
2716 1566 3028 1646 Brutum,
3084 1568 3326 1634 ambos
3382 1573 3452 1637 in

313 1670 542 1753 lanus,
594 1686 662 1737 et
697 1671 879 1739 forte
909 1671 1092 1741 Libo.
1894 1667 2084 1730 aevi
2121 1666 2217 1731 sui
2278 1663 2556 1729 historia
2597 1683 2916 1749 magnum
2959 1685 3208 1729 nomen
3290 1667 3450 1732 ade·

869 1821 903 1856 ¹,
1053 1771 1082 1804 ¹*
1231 1820 1264 1855 s
1920 1773 2107 1848 ptos.
2204 1764 2308 1828 M.
2347 1763 2542 1826 Bruti
2582 1759 2950 1845 Caepionis
2996 1763 3317 1828 denarios
3375 1766 3448 1830 in

298 1868 591 1933 Brutus.
1921 1871 2275 1927 monetam
2323 1860 2823 1952 imperatorum
2869 1855 3296 1942 differimus..

412 1964 567 2029 Hoc
601 1962 882 2029 nomine
956 1962 1156 2029 binos
1205 1962 1539 2028 habemus
1611 1961 1836 2027 numia
1890 2007 1899 2010 -

504 2195 575 2228 ⁸
713 2246 810 2318 n.
908 2241 1384 2326 IVNIVS
1473 2244 2040 2334 Βιῑντνε,
2099 2246 2352 2349 quiet
2437 2177 3076 2351 ‘ammira

414 2440 687 2507 Caesari
740 2441 1067 2507 dictatori
1112 2444 1183 2508 in
1229 2444 1468 2530 paucis
1552 2443 1841 2523 charus,
2022 2442 2417 2528 Adoptatus
2456 2436 2667 2534 abf'A.
2704 2441 3045 2508 Postumio
3084 2441 3336 2508 Albino
3371 2444 3446 2508 in

312 2539 408 2607 ab
455 2559 674 2623 eoque
776 2537 978 2603 rebus
1077 2542 1388 2627 gerendis
1449 2539 1797 2605 adhibitus
1827 2588 1849 2621 ,
1927 2536 2245 2606 omnibus
2279 2537 2343 2600 se
2388 2537 2610 2600 numis
2651 2536 2900 2625 scripsit
2932 2537 3234 2605 Albinum
3273 2540 3441 2605 Bru-

309 2636 841 2727 praefectusque
891 2634 1083 2700 classi
1128 2640 1218 2701 ad
1260 2636 1640 2702 Massiliam
1674 2633 1841 2702 obfi'·
1923 2642 1976 2704 ti
2003 2641 2082 2705 F.
2182 2635 2380 2702 Vnde
2432 2646 2616 2697 recte
2646 2633 2827 2700 Dio:
2880 2634 2946 2719 ⁸)
3026 2643 3148 2700 τον
3182 2633 3248 2699 δε
3297 2638 3444 2722 Bp«-
3579 2677 3588 2684 »

313 2736 612 2800 dendam
699 2731 1069 2799 destinatae
1141 2736 1530 2820 oppidanos
1613 2755 1843 2821 pugna
1921 2755 2024 2801 τον
2053 2753 2158 2801 τον
2189 2736 2490 2816 Δεκιμον,
2535 2721 2599 2796 ὃν
2631 2738 2736 2797 aiat
2776 2738 2960 2799 lavaur
2985 2781 3006 2815 ,
3077 2737 3331 2800 Δλΰινον
3377 2753 3445 2800 τε

315 2832 663 2896 maritima
702 2831 892 2895 vicit.
962 2826 1216 2901 Mirum
1254 2832 1432 2896 adeo
1463 2832 1718 2910 visum,
1773 2844 1841 2896 et
1922 2835 2256 2910 ἐπεκαλεν,
2304 2830 2628 2896 Decimum
2658 2833 2977 2910 Brutum,
3027 2850 3202 2917 quem
3233 2840 3294 2895 et
3326 2831 3448 2899 Iu·

312 2927 493 2991 hunc
551 2929 726 2991 inter
772 2928 1114 3015 principes
1177 2926 1526 3009 exstitisse,
1607 2929 1722 3013 qui
1767 2931 1839 2992 in
1918 2932 2130 3008 nium,
2180 2936 2241 2992 et
2279 2925 2585 2991 Albinum
2633 2935 3037 2995 vocaverunt.
3138 2926 3480 3012 Spanhe··

312 3023 626 3088 Caesaris
666 3043 903 3088 necem
951 3025 1465 3110 conspiravere,
1518 3014 1837 3090 et'inten-
1920 3027 2062 3090 mio
2117 3043 2270 3088 cum
2323 3022 2740 3108 displiceret,
2788 3025 3071 3088 Brutum
3152 3024 3443 3108 adopta·
3566 3017 3570 3021 ’

315 3122 418 3184 dit
452 3121 787 3185 invidiam
835 3133 1189 3208 comperta
1239 3121 1551 3206 suprema
1596 3121 1836 3188 Caesa·
1917 3135 2062 3186 tum
2111 3121 2246 3184 dici
2286 3121 2355 3184 in
2393 3120 2613 3184 nuruis
2662 3118 2968 3187 Albinum
3047 3121 3245 3186 Bruta·
3314 3121 3443 3199 F..

308 3219 404 3282 ris
449 3217 810 3297 voluntas,
863 3237 1039 3304 quae
1089 3239 1243 3283 eum
1276 3220 1348 3281 in
1381 3220 1687 3285 secundis
1720 3219 1834 3282 he·
1920 3239 2076 3284 cum
2173 3217 2497 3282 dicendus
2559 3218 2788 3300 potius
2878 3216 3101 3283 fuiss‘et
3167 3215 3448 3284 Albinus·

308 3315 584 3379 redibus
620 3315 997 3399 scripserat,
1047 3327 1113 3378 et
1146 3315 1335 3399 quod
1368 3317 1598 3380 consul
1626 3317 1835 3379 etiam
1914 3317 2206 3391 Brutus,
2255 3314 2501 3378 maluit
2533 3311 2661 3376 hos
2705 3314 3201 3396 denarios'ejus
3236 3306 3441 3399 ipfiu's

306 3413 380 3474 in
430 3430 685 3473 annum
720 3412 1107 3494 sequentem
1166 3409 1542 3493 designatus
1582 3411 1833 3478 fuerat.
1918 3412 2062 3475 filio
2101 3410 2424 3475 tribuere.
2475 3397 2546 3492 ¹’)
2594 3411 2851 3473 Verum
2885 3412 3036 3492 quis
3058 3408 3307 3492 quaeso
3335 3406 3457 3473 fu·⁴
3581 3464 3592 3473 ,

309 3508 393 3569 V.
444 3502 522 3568 C.
580 3526 721 3585 711„
764 3505 1129 3589 proconsul
1176 3502 1445 3568 Galliae
1501 3506 1835 3587 citerioris
1918 3507 1973 3569 it
2006 3506 2120 3569 hic
2162 3507 2249 3569 D.
2301 3505 2496 3569 Bruti
2574 3503 2800 3584 filius,
2853 3506 2963 3568 cui
3047 3504 3118 3565 in
3163 3513 3305 3581 tot,
3359 3519 3444 3566 ac

311 3620 357 3663 a
391 3600 494 3665 Μ.
533 3601 836 3664 Antonio
875 3604 1016 3681 jam
1070 3597 1258 3665 hoste
1311 3600 1482 3687 reip.
1529 3601 1837 3685 judicato
1916 3611 2063 3668 tam
2111 3601 2390 3689 insignes
2442 3602 2759 3665 denarios
2789 3603 2897 3685 jus
2961 3599 3094 3664 esse
3141 3595 3398 3685 possit?

308 3695 602 3762 obsessus
634 3697 973 3782 Mutinae,
1023 3696 1138 3762 sed
1164 3694 1257 3761 ab
1275 3695 1666 3763 Octaviano
1704 3715 1843 3761 una
2496 3746 2529 3779 ,
2679 3697 2710 3730 *
2857 3747 2889 3782 „

310 3814 466 3859 cum
513 3793 741 3858 Hirtio
792 3782 1112 3859 et'Pansa
1155 3792 1285 3859 cos.
1307 3792 1680 3874 liberatus,
1741 3792 1840 3858 in·'
2212 3798 2297 3860 A.
2354 3793 2904 3861 POSTVMIVS.
2967 3791 3161 3860 008.
3245 3792 3450 3879 Caput

300 3894 402 3957 ito
484 3889 765 3954 subinde
802 3891 981 3955 inter
1057 3891 1357 3955 Illviros
1384 3890 1666 3958 foedere
1693 3902 1840 3957 tan·-
2211 3892 2308 3958 A.
2351 3890 2650 3975 Postumii
2677 3890 2941 3959 nudum.

304 4002 517 4075 quam
563 3984 872 4052 Caesaris
926 3989 1269 4075 percull'or
1329 3987 1538 4054 hostis
1575 3989 1839 4074 judica·
1921 3986 2339 4055 ALBINVS.
2384 3987 2691 4053 BRVTI.
2755 3990 2834 4054 F.
2904 3992 3084 4056 mera
3154 4006 3451 4054 coronam

309 4097 458 4168 tus,
500 4097 570 4148 et
610 4104 657 4149 a
699 4083 829 4148 suis
895 4085 1232 4167 desertus,
1308 4104 1465 4150 cum
1544 4087 1639 4150 ad
1680 4105 1837 4171 pro·
1898 4086 2192 4177 spiceam.
2293 4085 2440 4149 AR.
2496 4086 2580 4148 R.

307 4183 638 4265 pinquum
703 4182 802 4245 M.
864 4182 1150 4246 Brutum
1204 4184 1276 4247 in
1342 4182 1834 4247 Macedoniam
2211 4181 2414 4268 Caput
2455 4181 2705 4249 Martis·
2740 4180 3037 4269 magius
3072 4182 3366 4271 vestitum.

306 4275 543 4363 fugere
568 4290 869 4362 pararet,
921 4280 1179 4344 occisus
1216 4278 1324 4344 est.
1422 4280 1601 4344 Vide
1622 4279 1836 4365 Appi·
1917 4278 2334 4346 ALBINVS.
2369 4279 2672 4343 BRVTI.
2699 4279 2786 4344 F.
2838 4280 2990 4346 Duo
3025 4278 3168 4344 litui
3210 4275 3451 4343 milita·

308 4393 518 4437 anum
547 4371 681 4438 fine
736 4375 822 4445 L.
877 4376 1001 4442 111.
1058 4377 1144 4442 de
1223 4376 1396 4445 Bell.
1440 4377 1576 4444 civ.
1628 4374 1836 4442 alios-
1916 4398 2023 4445 res
2060 4375 2348 4468 decnffati
2367 4426 2392 4463 ,
2423 4375 2728 4465 sapum,
2780 4388 2841 4443 et
2873 4377 3148 4465 :inferne
3188 4374 3450 4460 clypeus.

313 4489 470 4555 que.
1908 4476 2069 4540 AR.
2125 4476 2214 4539 R.

379 4682 434 4747 a)
471 4681 536 4736 L.
572 4681 781 4742 xuv.
819 4685 857 4756 ς
892 4696 975 4749 ι4.
1128 4684 1205 4748 Ἰ»)
1242 4685 1409 4744 Tom-
1444 4685 1521 4743 11.
1561 4703 1622 4760 p·
1657 4702 1745 4756 79.
