4175 5450
1368 548 2071 632 FAVRINIA.
2176 532 2626 626 FAmA.

440 756 521 822 C.
606 755 689 821 F.
770 753 980 819 CVR.
1070 751 1321 820 VIAR.
1399 751 1972 818 FACIENDVM.

444 853 940 920 COERAVIT.
962 848 1466 932 EIDEMQVE.
1480 848 1973 913 PROBAVIT.

447 951 653 1034 Quod
683 950 906 1012 eidem
938 948 1419 1033 epigrammati
1445 966 1531 1009 ex
1564 944 1822 1009 Smetio
1857 946 1975 1009 ad·

444 1049 547 1112 dit
583 1044 957 1108 Gruterus:
1009 1040 1072 1125 ⁸)
1125 1041 1212 1123 Q.
1260 1042 1666 1107 LEPIDVS.
1708 1041 1833 1105 Μ’.
1888 1040 1970 1105 F.

444 1145 547 1208 M.
590 1139 999 1206 LOLLIVS.
1040 1140 1145 1203 M.
1177 1137 1257 1203 F.
1316 1138 1505 1203 COS.
1562 1138 1708 1201 EX.
1773 1137 1841 1200 S.
1898 1134 1972 1201 C.

441 1235 1177 1313 PROBAVERVNT‚·
1222 1254 1359 1298 non
1395 1235 1652 1321 reperit
1690 1234 1747 1295 F
1750 1232 1975 1297 abret-

436 1344 879 1418 tus-autopta
910 1349 1155 1396 navus.
1250 1332 1340 1394 Et
1384 1334 1629 1395 mirum
1665 1329 1818 1408 sane
1875 1328 1974 1392 vi-

442 1433 689 1495 deatur
711 1477 730 1507 ,
786 1447 958 1514 opus
992 1429 1074 1490 V.
1098 1424 1176 1491 C.
1218 1430 1353 1510 692
1382 1425 1807 1492 constitutum
1825 1439 1971 1490 tan-

442 1529 598 1591 dem
634 1528 715 1590 V.
751 1523 827 1588 C.
858 1534 1041 1607 734,
1091 1542 1230 1606 quo
1262 1525 1566 1610 Lepidus
1602 1535 1670 1587 et
1703 1522 1970 1586 Lollius

430 1622 929 1708 process'erunt‚
985 1617 1347 1704 probatum
1385 1617 1600 1684 fuiss'e.
1654 1619 1764 1681 Ad
1790 1618 1970 1681 hunc

428 1730 713 1804 pontem
752 1717 820 1778 in
862 1716 1102 1779 Tiberi
1159 1713 1417 1779 factum
1454 1715 1781 1780 adludere
1847 1734 1967 1777 nu·

434 1816 530 1878 mi
573 1811 991 1899 epigraphen
1022 1831 1110 1874 eo
1153 1811 1555 1889 verisimile,
1625 1810 1813 1896 quod
1878 1809 1964 1876 L.

433 1908 828 1986 FABRICI.
889 1908 1279 1992 inscriptum
1328 1907 1573 1995 legitur
1628 1905 1972 1983 tabellae,

442 2005 681 2090 quales
720 2004 846 2066 effe
884 2004 1135 2086 solent,
1208 2024 1387 2087 quae
1469 2004 1973 2093 epigrammata

438 2104 513 2165 in
600 2098 1010 2186 posteritatis
1095 2102 1501 2164 memoriam
1600 2100 1971 2163 continent.

444 2197 763 2281 Amplius
806 2192 971 2256 istud
1016 2193 1456 2259 confirmatur
1490 2208 1662 2281 typo
1715 2195 1976 2278 serpen-

418 2294 532 2364 ,tis
560 2339 581 2367 ‚
639 2308 878 2373 nempe
913 2290 1354 2374 Aesculapius
1403 2293 1616 2376 specie
1652 2289 1973 2373 serpentis

342 2469 345 2474 μ
438 2386 815 2475 Epidauro.
858 2386 1157 2450 Romam
1198 2387 1598 2471 deportatus
1632 2385 1703 2447 in
1744 2403 1828 2447 ea
1876 2384 1974 2447 in·

3415 558 3513 624 ἐἰ
3538 583 3565 624 ι

2056 750 2199 815 sula
2228 749 2590 826 Tiberina,
2640 769 2816 834 quae
2847 750 3172 819 Fabricio
3205 755 3337 820 hoc
3373 770 3581 842 ponte

2060 867 2216 912 cum
2245 846 2412 909 urbe
2450 846 2922 930 conjungitur,
2977 852 3305 935 templum
3364 853 3581 918 habu·
3697 927 3714 942 .

2056 943 2159 1020 it,
2211 944 2297 1006 de
2363 960 2498 1026 quo
2584 954 2897 1005 auctores
2942 945 3214 1030 passim.
3314 949 3580 1013 Litera·

2057 1058 2210 1101 rum
2239 1039 2377 1104 PR.
2430 1036 2706 1101 tabulae
2775 1037 3269 1106 imminentium
3321 1046 3584 1112 incerta
3717 1033 3722 1040 ’

2059 1131 2476 1220 fignificatio.
2580 1129 2893 1195 Ceterum
2930 1138 3049 1199 vix
3089 1142 3363 1203 credam
3392 1189 3414 1223 ‚
3465 1161 3583 1218 nu·

2058 1249 2248 1293 mum
2277 1229 2456 1294 hunc
2495 1247 2730 1291 veram
2764 1227 3066 1296 habuiss‘e
3109 1252 3426 1302 monetae
3471 1259 3584 1304 ra-

2056 1325 2319 1389 tionem
2350 1373 2371 1404 ‚
2424 1327 2619 1414 eique
2656 1327 2886 1411 potius
2936 1329 3006 1391 in
3046 1330 3585 1414 pseudomoneta
3617 1315 3622 1324 ⁸

2058 1420 2548 1511 adfignandum
2583 1420 2812 1486 locum
2859 1424 3118 1492 censeo.

2617 1666 2650 1698 ἢ
2693 1663 2702 1670 “
2978 1668 3010 1703 fl

2342 1710 2631 1776 CAIVS.
2665 1712 3170 1782 FABRICIVS.
3215 1716 3419 1807 Caput
3444 1744 3574 1792 ma-

2346 1809 2534 1875 liebre
2571 1808 3011 1876 diadematum.

2057 1904 2135 1972 C.
2165 1903 2561 1970 CONSIDI.
2620 1904 2914 1971 Victoria
2949 1909 3018 1971 in
3043 1908 3399 1997 quadrigis.
3422 1919 3576 1988 AV.

2153 2004 2214 2065 N
2223 2023 2454 2066 umum
2483 2001 2661 2064 hunc
2691 2002 2965 2085 promul
3010 2006 3158 2069 avit
3195 2023 3439 2074 auctor
3467 2034 3579 2079 ca·

2056 2099 2272 2182 talogi
2311 2098 2518 2161 musei
2560 2097 2938 2181 d'Ennery.
3026 2097 3058 2182 )
3144 2104 3423 2170 Vtinam
3455 2110 3581 2184 ad,

2057 2195 2324 2257 didiss'et
2357 2194 2591 2271 etiam,
2644 2198 2785 2273 ejus
2810 2196 3286 2282 antiquitatem
3319 2204 3444 2268 ell'e
3477 2208 3582 2269 in·

2057 2289 2484 2367 dubitatam‚
2538 2309 2717 2372 quae
2770 2291 2928 2357 sane
2994 2295 3223 2364 multis
3279 2299 3618 2388 suspecta'

2056 2385 2278 2447 videri
2314 2386 2546 2472 possit.

1538 2635 2508 2768 FABRJNJA*

416 2934 423 2939 .
536 2873 722 2939 Gens
764 2869 1078 2936 omnibus
1120 2882 1430 2935 veterum
1470 2873 1966 2955 monum-entis,

438 2970 488 3036 fi
527 2991 770 3037 numos
813 2969 1478 3069 demaskignorata.
1582 3006 1593 3015 ·

2129 2873 2228 2936 -Μ
2236 2919 2252 2935 .
2293 2872 2690 2958 FABRINI.
2726 2874 2800 2943 in
2856 2875 3215 2947 trientibus
3274 2893 3344 2949 et
3410 2862 3580 2974 ‘qua-

2051 2968 2428 3034 drantibus.

1590 3206 2294 3359 ‚FADJA

532 3451 817 3517 Exstant
876 3454 1132 3519 numuli
1208 3453 1404 3518 aenei
1450 3449 1804 3534 inscripti:
1886 3452 1969 3516 L.

439 3550 735 3617 FADius
779 3551 1017 3614 addito
1087 3550 1307 3612 altero
1363 3542 1784 3632 magistratus
1850 3566 1971 3611 no·

442 3649 649 3710 mine.
749 3647 866 3709 Ait
906 3648 991 3709 ad
1026 3648 1204 3711 hunc
1244 3645 1806 3727 flavet-campus,
1858 3644 1968 3706 de·

441 3730 802 3807 monstrari
856 3762 987 3806 non
1021 3743 1237 3828 poss'e3
1293 3742 1359 3804 in
1403 3737 1791 3822 municipiis
1841 3739 1969 3802 Ita·

426 3840 589 3904 -licis
644 3840 969 3902 minutam
1016 3850 1357 3902 monetam
1402 3836 1725 3922 signatam
1756 3832 1967 3905 fuiss'e.

449 3936 682 4018 Quare
750 3935 990 3998 ssmiles
1044 3952 1282 3999 numos
1344 3936 1433 3997 ad
1512 3934 1566 3996 1.
1660 3927 1968 3996 Caesaris

2059 3453 2357 3529 deretur,
2458 3450 2552 3518 At
2587 3473 2756 3518 vero
2790 3453 2856 3518 in
2911 3453 3257 3538 aliquibus
3333 3456 3578 3529 Italiae

2058 3550 2350 3615 coloniis
2395 3548 2718 3635 lignatam
2764 3549 2957 3615 fuiss‘e
2996 3556 3366 3631 monet'am,
3429 3575 3581 3627 cer.

2056 3656 2197 3705 tum
2247 3643 2329 3707 eli
2376 3667 2461 3709 ex
2537 3647 2757 3709 numia
2817 3640 3118 3733 Copiae,
3182 3647 3581 3732 valentiae,

2053 3716 2445 3818 Brundusii,
2498 3732 2564 3806 et
2593 3738 2851 3821 Paesti,
2904 3746 2997 3808 ad
3062 3761 3268 3826 quam
3327 3726 3576 3831 polire·

2055 3856 2236 3915 mam
2281 3850 2461 3901 certe
2499 3838 2569 3901 hi
2603 3838 2803 3902 Fadii
2845 3843 3073 3918 numi,
3127 3842 3244 3925 qui
3305 3841 3376 3906 in
3442 3842 3578 3909 hac

2051 3931 2226 3996 Ilvir
2264 3932 2436 4018 fuit,
2481 3935 2633 4002 funt
2661 3931 3022 4006 referendi.
3123 3940 3302 4006 Vide
3330 3958 3575 4013 numos

442 4043 761 4118 tempora
812 4029 1061 4108 refert,
1119 4030 1361 4115 quibus
1417 4029 1675 4092 Fadius
1725 4028 1969 4093 1111vir
2046 4026 2286 4097 Paesti·

437 4129 806 4195 monetalis
851 4127 1097 4194 horum
1142 4146 1503 4197 numerum
1547 4134 1791 4189 auctor
1861 4127 1962 4192 vi·

506 4529 575 4601 a)
610 4529 743 4604 1223.
783 4533 901 4623 soe.
934 4548 990 4603 3.
1186 4530 1248 4601 b)
1282 4531 1417 4605 Pag.
1457 4548 1572 4602 134.

2908 4582 3266 4680 Daz‘
