4175 5450
872 660 881 673 ·
982 643 1158 722 AD
1255 636 1737 723 NVMOS
1838 639 2758 724 FAMILIARVM.

502 844 589 915 P.
1354 844 1661 913 Publius,

507 946 597 1031 Q&
1369 942 1694 1027 Quintus·

504 1042 576 1105 S.
618 1038 807 1102 SEX.
856 1038 1067 1117 etiam

504 1138 637 1203 SX.
680 1139 755 1201 in
802 1135 1133 1220 Quinctia
1365 1134 1645 1205 Sextus..

421 1332 661 1396 Pauca
723 1330 818 1395 ad
882 1328 1058 1395 haec
1119 1330 1578 1421 praenomina
1631 1328 1853 1396 obser·

327 1428 612 1494 vanda:
730 1443 735 1451 ·

424 1524 503 1589 C.
555 1537 623 1588 et
677 1522 819 1589 CN.
861 1534 1008 1586 tam
1075 1524 1534 1609 pronunciata
1557 1574 1577 1605 ,
1648 1544 1856 1610 quam

328 1622 577 1707 scripta
610 1619 803 1684 fuere
840 1631 915 1682 ut
953 1615 1038 1690 G.
1082 1633 1150 1683 et
1202 1618 1354 1688 GN.
1406 1641 1650 1711 nempe
1699 1641 1856 1706 pro*-

327 1729 482 1805 pter
527 1716 955 1782 adfinitatem
979 1715 1407 1805 literarumC
1442 1720 1632 1796 etG‚
1687 1739 1857 1804 quas

327 1816 494 1878 item
552 1826 880 1900 cognatas
937 1814 1249 1900 appellat,
1300 1816 1741 1880 Plutarchus..
1788 1813 1855 1898 ⁸)

323 1908 504 1974 Istud
540 1929 676 1973 non
739 1911 950 1974 modo
989 1930 1077 1976 ex
1129 1921 1362 1974 vetere
1400 1913 1857 1998 grammatico

322 2006 674 2073 Diomede
738 2017 1090 2085 tenemus,
1178 2027 1381 2091 quem
1431 2011 1601 2073 citat
1668 2009 1861 2094 Sigo-

201 2128 207 2137 ·
321 2104 517 2181 niue,
558 2090 627 2183 ι’)
682 2101 796 2165 sed
836 2102 1275 2168 confirmatur
1311 2106 1516 2169 etiam
1559 2126 1603 2169 a
1636 2103 1843 2168 Grae-

323 2218 560 2263 corum
589 2198 728 2275 usu,
782 2202 897 2282 qui
931 2219 1279 2284 nunquam
1312 2200 1620 2289 scripsere
1646 2204 1846 2280 Καιος

325 2307 396 2359 et
426 2296 861 2373 Kvoe109,sed
901 2300 1089 2372 Γαιος
1127 2309 1195 2357 et
1247 2301 1484 2375 Γναιος.
1599 2299 1688 2360 Et
1741 2299 1845 2361 se-

326 2391 622 2455 cundum
643 2390 821 2453 hanc
848 2391 1203 2453 rationem
1219 2391 1555 2475 legimus
1536 2413 1607 2455 m
1629 2396 1850 2458 numia

326 2486 547 2550 Oscae
587 2484 954 2571 Hispaniae
993 2483 1075 2546 G.
1134 2477 1504 2550 CAESAR.
1605 2489 1682 2548 In
1736 2508 1848 2549 ce-

320 2582 524 2661 lebri‚
575 2594 641 2643 et
678 2585 1088 2668 perantiquo
1133 2580 1850 2669 sepulcroScipionum

321 2678 570 2768 legitur
612 2675 1037 2743 GNAIVOD
1076 2698 1210 2765 pro
1248 2678 1776 2744 CNA10.'

424 2778 559 2839 NV
612 2775 799 2840 aliud
837 2796 972 2839 non
1013 2774 1145 2854 est,
1218 2797 1423 2861 quam
1466 2777 1627 2863 figla
1667 2796 1849 2840 com·

319 2873 639 2962 plectens·
662 2874 914 2940 literas.
936 2873 1165 2944 MAN.
1206 2887 1274 2938 et
1310 2886 1651 2964 repertum
1670 2920 1711 2954 ,,
1759 2893 1847 2938 ne

3301 673 3458 741 -57

1939 847 2134 913 SER.
2784 840 3083 912 servius.

1950 942 2087 1012 TI.
2787 940 2858 1003 T
2864 940 3146 1010 iberius.

1945 1041 2035 1104 T.
2517 1088 2528 1097 .
2788 1036 3040 1104 Titus.-

1816 1160 1817 1165 ’
1942 1133 2388 1205 VOLVSVS.

1936 1326 2467 1395 confunderetur
2525 1345 2679 1393 cum
2733 1328 2851 1408 M,
2922 1329 3111 1413 quod
3155 1328 3450 1405 Marcum

1932 1438 2158 1494 notat.
3411 1500 3422 1505 ,

2033 1525 2125 1589 Ν.
2170 1522 2531 1587 Numerius
2586 1525 2782 1589 unius
2837 1520 3148 1586 familiae
3195 1525 3462 1593 Fabiae

1936 1640 2360 1707 praenomen
2390 1617 2518 1697 est,
2573 1632 2779 1706 atque
2819 1617 2989 1684 istud
3030 1625 3462 1707 peregrinum

1936 1718 2339 1781 Malevento
2373 1717 2824 1781 adventitium
2842 1765 2863 1796 ,
2915 1728 2990 1780 ut
3009 1715 3312 1781 referunt
3332 1719 3389 1781 F
3394 1741 3460 1785 e.-

1938 1811 2115 1893 ssus,
2157 1810 2218 1895 ⁰)
2290 1825 2359 1876 et
2407 1812 2562 1877 Val.
2615 1813 2988 1877 MaximuS.
3028 1804 3090 1896 ἆ)
3188 1816 3457 1880 Tamen

1941 1931 2096 1974 curn
2126 1909 2463 1974 nonnullis
2498 1909 2704 1972 etiam
2744 1910 2895 1975 aliis
2933 1908 3123 1977 fuisse
3155 1928 3454 1976 commu-

1937 2028 2023 2070 ne
2048 2056 2066 2084 ‚
2123 2006 2442 2071 observat
2482 2004 2959 2089 spanhemius·
3003 2003 3065 2083 e)

2024 2105 2090 2168 S.
2132 2103 2345 2166 solum
2380 2100 2692 2166 dubitare
2733 2090 3221 2187 nonnunquam
3252 2104 3448 2188 facit,

1926 2198 2087 2264 fitne
2132 2200 2539 2286 explendum
2567 2198 2862 2284 legendo
2887 2201 3139 2278 Sextus,
3189 2223 3276 2271 an
3296 2203 3455 2288 Spu-

1929 2301 2091 2363 rius.
2217 2298 2377 2379 Ejus
2442 2297 2831 2381 exemplum
2904 2298 3195 2362 offerunt
3255 2303 3450 2365 numi

1931 2396 2149 2477 gentis
2206 2392 2561 2456 Afraniae.
2667 2394 2798 2457 Sed
2853 2396 2922 2455 in
2980 2393 3175 2480 gent&
3226 2395 3451 2459 Postu-

1933 2490 2070 2549 mia
2113 2499 2299 2549 certo
2342 2487 2699 2571 legendum
2735 2489 3045 2573 Spurius,
3118 2502 3191 2552 ut
3221 2493 3290 2554 in
3317 2493 3452 2556 hac

1943 2584 2232 2647 dicetur.

2029 2675 2493 2757 VOLVSVS
2461 2726 2500 2757 ,
2536 2696 2951 2762 praenomen
2989 2680 3206 2768 gentis
3247 2682 3447 2759 Vale·

1930 2776 2074 2843 riae
2096 2824 2122 2864 ,
2176 2795 2385 2862 quam
2431 2777 2633 2844 v-ide.

1768 3269 1821 3344 §z
1899 3263 2003 3333 H‘.

1684 3456 1789 3523 De
1833 3460 2120 3524 nomine..
2177 3453 2190 3466 ⁶

420 3744 721 3812 Nomina
780 3743 1128 3834 gentilicia
1181 3745 1251 3811 in
1323 3743 1469 3811 Ns
1547 3740 1867 3813 exivere„

320 3846 485 3930 Ejus
526 3844 799 3908 causam
839 3845 997 3907 inde
1040 3846 1208 3928 petit
1241 3845 1581 3931 SigoniuS,
1634 3843 1845 3926 quod,

321 3956 399 4006 ut
459 3939 835 4019 existimat,
915 3943 1149 4004 omnia
1216 3943 1514 4028 gentium
1564 3941 1848 4004 nomina

315 4037 593 4104 fuerunt
643 4038 844 4102 instar
887 4040 1541 4124 patronymicorum.
1643 4036 1753 4098 Sic
1801 4056 1846 4099 a

317 4135 470 4199 Iulo
522 4136 775 4199 ductos*
803 4136 1054 4212 Iulios,
1092 4135 1217 4198 ··ab
1283 4134 1553 4199 Aemilo
1614 4134 1842 4197 Aemi-

315 4230 495 4309 lios,
548 4252 592 4293 a
635 4233 988 4318 Pompone
1022 4232 1488 4317 Pomponius,
1536 4252 1579 4294 a
1621 4228 1842 4316 Calpo

323 4324 734 4412 Calpurnios
772 4342 895 4393 etc.
935 4350 1127 4393 more
1162 4331 1369 4393 etiam
1398 4326 1841 4412 Graecorum,

219 4585 229 4594 ¹
382 4563 441 4628 a)
480 4562 699 4629 Quaefl.
731 4565 918 4628 Rom„

313 4631 366 4702 α)
405 4634 576 4691 Tum.
607 4633 679 4684 Π.
712 4652 772 4706 p.
806 4643 924 4692 ⁴2⁶..

418 4708 607 4792 (stat.
642 4708 769 4795 V.)

1194 4551 1253 4634 Β)
1292 4566 1362 4623 de
1387 4584 1538 4624 nom.
1564 4566 1730 4626 Rom.
1762 4584 1806 4622 e.
1832 4585 1909 4637 3..
1974 4532 1981 4540 .

1930 3745 2116 3829 apud
2157 3765 2330 3830 quos
2381 3768 2439 3811 e.
2493 3768 2553 3834 g.
2653 3747 2989 3813 Aeacides
3033 3743 3197 3812 dicti
3249 3746 3461 3815 fuere·-

1913 3862 2214 3931 ⁴omnes,
2268 3848 2384 3927 qui
2433 3843 2522 3914 ab
2563 3847 2796 3908 Aeaco
2846 3845 3349 3912 descenderunt.

1984 3997 1992 4003 .
2030 3940 2222 4004 Haec
2270 3942 2865 4007 determinatione
2906 3941 3159 4006 inflvs
3211 3944 3449 4028 regula

1926 4037 1996 4100 in
2034 4038 2374 4102 nonnullis
2418 4059 2552 4103 non
2589 4053 2732 4103 tam
2767 4037 3023 4125 fallit„
3060 4053 3284 4123 quam‘
3317 4039 3446 4104 fal·

1927 4134 2065 4196 lere
2096 4136 2385 4200 videtur.
2487 4138 2663 4200 Nam
2705 4139 2775 4199 in
2836 4137 2967 4199 hac
3007 4138 3151 4221 ipsa
3192 4134 3444 4201 famili-

1927 4252 2126 4295 arum
2166 4232 2365 4296 class'e
2406 4232 2740 4296 habemus
2771 4234 3168 4297 Norbanum
3193 4281 3212 4309 ‚
3268 4232 3440 4314 Cae-

1927 4330 2192 4413 cinam,
2242 4329 2691 4409 Betilienum,
2744 4330 3121 4410 Allienum,
3195 4330 3460 4394 Satrio·-

2947 4570 3007 4639 d)
3043 4570 3115 4625 de
3149 4581 3251 4625 rat.
3278 4585 3455 4632 noma.

2968 4717 3052 4781 R

2190 4571 2240 4666 e?
2279 4568 2669 4636 inNumerius.
