4175 5450
691 634 791 723 <56

681 844 795 898 tae
827 830 1226 919 potestatem
1261 828 1469 895 aedili
1500 829 1758 897 datam.
1780 827 1845 914 ⁸)
1943 832 2053 894 Ad
2074 850 2198 893 nu-

683 949 868 993 mum
888 933 988 994 M.
1011 928 1361 1005 Marcelli,
1412 940 1481 990 et
1496 927 1621 992 Cn.
1652 929 1943 1015 Domitii
1966 928 2061 991 ait
2083 947 2101 988 ε
2123 915 2189 1007 ι’)

552 1106 563 1111 ,
682 1039 876 1112 patet
912 1027 1138 1107 cusum
1173 1024 1363 1088 suiss'e
1409 1026 1493 1088 V.
1545 1023 1619 1090 C.
1664 1039 1853 1112 585,
1929 1044 2065 1109 quo
2115 1021 2190 1086 fi-

688 1122 840 1187 mul
873 1124 1136 1188 aediles
1170 1121 1433 1185 curules
1468 1120 1755 1188 fuerunt.
1808 1112 1994 1185 Alibi
2041 1140 2187 1183 om·

681 1238 804 1287 nes
849 1220 1171 1285 denarios
1208 1218 1480 1282 nomine
1527 1218 1780 1283 Pansae
1834 1218 2189 1302 inscriptos

683 1314 776 1380 'ab
808 1318 942 1380 hoc
976 1314 1265 1401 fignat‘os
1308 1315 1551 1379 adserit
1575 1362 1594 1392 ,
1646 1335 1799 1381 cum
1836 1315 1993 1378 ess'et
2031 1333 2194 1393 con-¹

680 1411 780 1477 sul
833 1414 918 1478 V.
976 1410 1051 1474 C.
1097 1431 1226 1492 711
1261 1459 1281 1489 ,
1354 1424 1480 1477 etc.
1581 1411 1716 1476 Sed
1769 1412 1955 1498 quod
2004 1412 2190 1474 idem

560 1564 569 1571 ,
682 1519 841 1572 ante
905 1509 1192 1594 benigne
1242 1507 1648 1587 indulserat,
1719 1529 1886 1572 mox
1944 1508 2189 1570 iterum

682 1607 1018 1689 antiquat.
1118 1604 1227 1668 Sic
1265 1625 1418 1669 cum
1450 1607 1615 1670 olim
1656 1605 2094 1680 concederet,
2124 1601 2188 1683 ⁶)

681 1701 785 1771 M.
818 1702 1185 1784 Scaurum,
1253 1713 1319 1765 et
1352 1702 1428 1765 P.
1464 1702 1853 1787 Hypsaeum
1896 1703 1967 1764 in
2006 1701 2189 1764 aedi-

681 1795 872 1862 litate
910 1800 1177 1885 fignafte
1217 1817 1458 1864 numos
1482 1847 1501 1876 ,
1553 1797 1723 1863 istud
1752 1800 1997 1862 iterum
2041 1816 2200 1883 per-f

682 1908 906 1981 negat.
944 1887 1010 1978 9¹)
1108 1897 1371 1959 Eodem
1415 1898 1662 1975 modo,
1718 1896 1907 1981 quod
1924 1893 2006 1962 C.
2034 1893 2189 1957 Clo-

686 1990 803 2054 dio
845 1993 1054 2056 aedili
1096 2012 1232 2055 non
1267 1993 1518 2056 invitus
1557 1991 1886 2080 permisit,
1930 1989 1996 2074 ⁴²)
2048 2011 2188 2053 mu·

684 2097 834 2150 tata
876 2089 1200 2153 sententia
1236 2088 1494 2152 rursum
1548 2091 1833 2167 adimit,
1910 2087 2191 2155 addito:

690 2185 987 2250 anditum
1041 2207 1168 2250 non
1216 2196 1360 2251 erat
1399 2188 1654 2275 signare
1717 2186 2066 2271 pecuniam.
2133 2172 2190 2265 f)

688 2280 961 2346 Taedet
1040 2282 1239 2369 plura
1319 2283 1783 2348 consarcinare
1853 2279 2193 2365 exempla.

686 2377 887 2443 Adeo
948 2372 1408 2466 praestiterat,
1499 2400 1633 2445 non
1705 2377 1884 2442 ferre
1941 2376 2197 2463 legem,

691 2493 899 2557 quam
940 2476 1290 2561 legislator
1338 2475 1475 2563 ipse
1513 2479 1715 2542 toties
1777 2474 2044 2560 cogitur
2091 2474 2200 2537 in-

687 2568 1004 2659 fringere.

788 2668 1058 2749 Credo,
1147 2666 1566 2734 distinctione
1630 2666 1845 2733 obvia
1926 2685 2201 2732 omnem

688 2767 872 2854 posse
892 2765 1372 2831 difficultatem
1394 2766 1565 2830 tolli.
1662 2765 1725 2828 N
1730 2765 1916 2851 egari
1943 2767 2201 2847 nequit,

692 2864 882 2928 fuiffe
917 2863 1183 2927 Illviris
1238 2863 1723 2925 demandatam
1759 2871 2072 2923 monetae
2105 2858 2203 2922 fe·

692 2961 979 3024 riundae
1050 2979 1309 3023 curam.
1390 2960 1520 3020 -At
1574 2978 1729 3020 cum
1798 2956 2202 3034 videamus,

691 3055 916 3119 numis
946 3054 1268 3141 persaepe
1304 3053 1655 3138 inscriptos
1690 3065 2066 3139 praetores,
2094 3073 2205 3118 ae·

690 3152 868 3215 diles
906 3151 1206 3227 curules,
1258 3164 1328 3213 et
1362 3149 1708 3236 plebeios,
1781 3146 2205 3233 quaestor-25,

696 3247 1048 3329 aliosque,
1103 3266 1187 3309 eo
1232 3245 1538 3310 existimo
1575 3247 1905 3320 indicari,
1957 3243 2063 3308 his
2100 3245 2209 3308 seu

698 3345 768 3410 in
821 3341 985 3406 belli
1027 3343 1176 3408 usus
1202 3389 1224 3419 ,
1293 3341 1405 3404 seu
1448 3342 1693 3420 ludos,
1766 3342 1874 3404 seu
1904 3339 2209 3405 frumeu-

554 3467 561 3473 ·
697 3451 843 3503 tum
897 3439 1308 3515 emundum,
1360 3436 1468 3501 seu
1505 3438 1905 3502 reficiendas
1957 3439 2207 3517 aedeS,

697 3533 806 3599 seu
854 3536 1365 3622 expeditionem
1396 3534 1716 3598 bellicam
1777 3547 1908 3602 etc.
1963 3556 2050 3598 ex
2098 3555 2210 3599 ae·

698 3633 882 3696 tario
927 3632 1429 3717 suppeditatum
1491 3643 1841 3717 argentum
1871 3679 1889 3708 ,
1960 3631 2051 3696 ab
2102 3631 2209 3696 his

698 3730 1022 3795 traditum
1040 3728 1307 3791 Illviris
1335 3728 1789 3791 monetalibus
1821 3726 2212 3815 signandum

699 3827 815 3889 suo
853 3837 1285 3910 praetorum,
1359 3825 1685 3888 aedilium
1733 3839 1863 3890 etc.
1900 3827 2212 3904 2nomine.

702 3921 878 3986 Illud
911 3922 1329 4006 perspicuum
1368 3920 1444 3983 fit
1484 3940 1607 3999 eo,
1669 3922 1860 4004 quod
1895 3935 2035 3985 tum
2069 3920 2215 3985 fre-

702 4031 992 4102 quenter
1021 4017 1185 4080 addi
1215 4017 1382 4080 solet
1416 4017 1489 4083 S.
1530 4016 1607 4088 C,
1640 4018 1789 4080 vel:
1843 4020 1986 4081 EX.
2023 4017 2091 4083 S.
2130 4016 2213 4083 C.
2283 4007 2292 4014 ’

631 4175 644 4187 ,
702 4114 912 4197 Quod
953 4133 1108 4178 cum
1167 4110 1469 4192 factum,
1542 4113 1772 4178 Illviri
1836 4111 2215 4177 monetales

702 4225 827 4275 aut
887 4210 1099 4274 solum
1148 4212 1525 4296 praetoriS,
1608 4210 1850 4274 aedilis
1924 4223 2053 4273 etc.
2099 4227 2216 4271 no-

705 4328 860 4371 men
901 4310 968 4383 in
1007 4327 1214 4374 numo
1263 4307 1673 4391 expressere,
1727 4319 1849 4369 aut
1888 4305 1988 4367 illi
2030 4304 2217 4367 suum

708 4417 980 4490 quoque
1025 4403 1388 4481 addidere,
1433 4408 1618 4487 cujus
1642 4401 2029 4487 exemplum
2064 4400 2219 4463 illu-

707 4498 868 4582 stre,
925 4514 992 4565 et
1031 4499 1211 4565 forte
1248 4502 1516 4565 unicum
1568 4497 1812 4586 sufficit
1862 4499 2221 4577 denariuS,

778 4716 841 4784 a)
874 4715 1006 4786 1²³3,
1042 4727 1162 4781 403.
1197 4724 1318 4781 443.
1459 4706 1517 4776 b)
1551 4707 1686 4781 Pag,
1722 4727 1810 4778 9²·

1978 4710 2029 4777 ο)
2064 4709 2201 4783 Pas.
2240 4719 2293 4773 s.

1658 620 2756 751 PROLEGOMENA‘

2278 828 2394 914 qui
2453 827 2610 917 hine
2658 826 3075 897 inscribitur:
3162 824 3246 899 C.
3296 823 3804 896 COPONIV&

2272 928 2572 992 PRaetor
2610 925 2682 994 S.
2746 926 2861 1007 C.,
2935 930 3163 1009 illinc:
3246 927 3330 1011 Q.
3379 925 3786 991 SICINlVS.

2272 1023 2553 1089 IIIVIR.
2605 1024 2870 1088 Eadem
2908 1028 3175 1089 ratione
3214 1023 3794 1108 quaestores'pro·

2272 1120 2601 1186 vinciales
2634 1124 2773 1203 jam
2815 1120 3000 1186 suum
3052 1122 3364 1207 ipsorum·
3398 1140 3646 1182 nomen
3679 1120 3794 1183 so-

2271 1217 2437 1296 lum,
2481 1220 2626 1300 jam
2658 1239 2793 1282 una
2815 1218 3233 1304 proconsulis
3256 1218 3351 1282 sui
3382 1227 3792 1293 memorant,

2273 1328 2348 1378 ut
2392 1314 2462 1376 in
2509 1315 2807 1377 denariis
2855 1318 3120 1381 Anniae
3161 1315 3353 1378 hinc:
3429 1313 3504 1377 C.
3541 1312 3794 1375 ANNI.

2272 1412 2356 1475 T.
2393 1411 2473 1477 F.
2511 1413 2595 1473 T.
2631 1411 2714 1473 N.
2751 1412 3125 1483 PROCOS.
3168 1412 3308 1474 Ex,
3345 1409 3412 1473 S.
3452 1408 3529 1475 C.
3566 1409 3790 1471 illinc:

2274 1507 2361 1591 Q.
2395 1508 2879 1589 TARQVITI.
2918 1511 2994 1573 P.
3058 1509 3137 1572 F.
3191 1507 3513 1594 Quaestor.
3615 1506 3794 1567 Hinc

2273 1602 2401 1683 est,
2433 1605 2637 1686 quod
2658 1605 3241 1687 juxtaFannium,
3292 1615 3359 1666 et
3399 1600 3785 1666 Critonium

2275 1700 2537 1765 aediles
2599 1700 2909 1785 p'lebejos
2969 1703 3381 1786 adscriptum
3434 1700 3797 1763 videamus

2272 1798 2351 1865 P.
2398 1800 2521 1875 A„
2572 1817 2860 1882 nempe:
2913 1800 3231 1866 Publicium
3263 1790 3656 1881 Argentaria,
3708 1815 3800 1858 ex

2274 1894 2552 1980 publico
2617 1895 2708 1957 ad
2755 1892 3166 1959 frumentum
3224 1896 3589 1958 emundum
3645 1910 3843 1971 ero·⁴
3917 1918 3924 1923 ⁴

2276 2003 2547 2078 gatum,
2618 2010 2707 2052 ex
2762 2010 2899 2075 quo
2957 1992 3088 2056 cufi
3143 1991 3410 2055 denarii
3473 1987 3800 2052 aedilium

2275 2088 2594 2164 nomine,
2669 2088 2825 2170 qui,
2895 2108 3052 2152 cum
3114 2087 3487 2175 superioris
3541 2085 3803 2147 ordinis

2275 2184 2486 2246 essent
2523 2182 2990 2269 magistratus,
3073 2196 3394 2272 poterant
3443 2182 3533 2244 ad
3579 2183 3794 2267 impe-

2279 2292 2436 2344 rata
2476 2277 2800 2343 facienda
2834 2283 3111 2367 adigere
3159 2281 3445 2344 Illviros
3492 2289 3799 2340 moneta-

2283 2376 2423 2453 leS,
2501 2395 2789 2460 quorum
2852 2377 3273 2464 magistratus
3338 2377 3595 2462 primus
3653 2385 3806 2437 erat

2282 2474 2376 2537 ad
2428 2470 2741 2535 altiorem
2775 2475 3245 2558 capessendum
3276 2473 3551 2559 gradus.

2384 2568 2488 2632 Ex
2544 2568 2789 2654 quibus
2851 2570 3099 2657 colligo
3136 2620 3156 2650 ,
3244 2583 3469 2634 certos
3512 2585 3636 2632 nos
3676 2565 3806 2630 else

2284 2682 2421 2730 non
2461 2665 2641 2751 posse
2666 2711 2685 2743 ,
2759 2668 3037 2731 nomine
3078 2670 3147 2732 in
3178 2668 3287 2731 his
3332 2665 3554 2729 numis
3593 2661 3804 2750 signa·

2287 2775 2361 2825 to
2395 2764 2620 2826 notari
2641 2763 2965 2832 [IIvirnm
2999 2765 3450 2842 monetalem,
3500 2760 3618 2825 nisi
3652 2780 3810 2824 cum

2287 2859 2399 2921 vel
2456 2860 2591 2922 tria
2647 2862 3010 2942 conjuncta
3078 2864 3388 2948 leguntur
3463 2859 3798 2936 nomina,

2292 2968 2404 3036 ut:
2464 2955 2603 3018 ΑΡ.
2649 2951 2783 3017 CL.
2823 2958 2913 3030 T,
2953 2959 3117 3036 MA.
3164 2959 3248 3041 Q.
3301 2958 3447 3020 VR.
3482 2955 3646 3020 vel:
3723 2951 3809 3018 C.

2292 3049 2392 3113 F:
2416 3050 2498 3114 1..
2543 3052 2626 3114 R.
2665 3050 2750 3134 Q.
2794 3054 2933 3132 M.,
2991 3074 3127 3138 quo
3167 3055 3379 3118 modo
3433 3049 3813 3117 vetustiori-

2292 3148 2421 3211 bus
2453 3147 2620 3231 reip.
2670 3150 3093 3234 temporibus
3125 3151 3414 3224 Illviros
3442 3148 3666 3212 notari
3711 3146 3814 3209 so-

2293 3244 2452 3307 litos
2496 3246 2850 3310 verisimile
2890 3246 3023 3329 est,
3075 3247 3188 3311 vel
3225 3249 3501 3310 additur
3527 3243 3818 3326 111v1R,

2294 3341 2406 3404 vel
2476 3339 2754 3420 1111vir,
2849 3356 2972 3410 aut
3029 3345 3322 3428 denique
3378 3340 3824 3406 instrumenta

2293 3451 2768 3524 proponuntur
2800 3442 2891 3502 ad
2930 3438 3280 3504 feriundos
3334 3450 3577 3502 numos
3615 3435 3816 3499 adhi-

2296 3533 2444 3597 beri
2481 3533 2716 3613 solita,
2784 3549 2859 3599 ut
2908 3537 2978 3602 in
3024 3550 3220 3622 gente
3275 3535 3550 3600 Carifia.
3657 3529 3824 3614 Qua

2296 3631 2366 3692 in
2397 3651 2468 3693 re
2505 3632 2750 3714 video,
2805 3653 3047 3718 parum
3075 3634 3273 3718 saepe
3309 3631 3500 3695 fuiss'e
3528 3632 3824 3695 circum-

2294 3727 2556 3812 spectos
2587 3730 3060 3814 antiquarios,
3113 3733 3272 3816 qui,
3325 3748 3478 3792 cum
3515 3729 3816 3814 primum

2299 3841 2548 3885 nomen
2621 3823 2994 3889 solitarium
3055 3827 3243 3890 nulla
3299 3827 3536 3890 addita
3607 3819 3822 3909 magi-

2299 3917 2535 3980 stratus
2595 3921 2935 3990 mentione
2998 3921 3447 4008 conspexere,
3524 3921 3821 4007 plerum-

2301 4032 2432 4096 que
2495 4014 2566 4076 in
2634 4036 2716 4079 eo
2780 4018 3103 4088 lllvirum
3155 4019 3570 4083 monetalem
3631 4017 3822 4082 vide—

2300 4121 2494 4192 runt,
2548 4113 2734 4195 quod
2779 4114 2894 4178 vel
2932 4137 3018 4179 ex
3050 4116 3203 4179 solis
3236 4116 3291 4179 1.
3313 4114 3619 4180 Caesaris
3651 4133 3822 4178 non·

2300 4207 2460 4269 dum
2488 4210 2841 4274 dictatoris
2869 4213 3086 4276 uumis
3127 4212 3496 4295 refellitur,
3547 4214 3618 4276 in
3660 4211 3823 4294 qui-

2299 4302 2423 4366 bus
2472 4305 2669 4393 saepe
2742 4307 2932 4371 aliud
2984 4328 3121 4372 non
3182 4309 3534 4390 scribitur,
3608 4329 3824 4391 quam

2299 4398 2687 4485 CAESAR,
2767 4425 2968 4489 quem
3026 4405 3218 4486 fuilss'e
3282 4417 3425 4469 tum
3492 4405 3828 4471 Invitum

2297 4499 2712 4563 monetalem
2792 4502 2911 4565 vix
2978 4503 3321 4587 quispiam
3387 4501 3820 4588 probaverit.

2438 4709 2496 4778 d)
2533 4711 2662 4782 Ρη.
2699 4713 2823 4775 640.
2966 4713 3024 4780 e)
3054 4710 3186 4782 Pag.
3214 4724 3306 4781 94,
3445 4710 3490 4779 s>
3530 4711 3666 4785 Pag,
3699 4701 3831 4783 654}
