4175 5450
815 625 955 696 230
2136 595 2550 686 IVNIA.

1110 805 1455 871 PIETAS.
1508 804 1713 893 Caput
1743 804 2036 870 Pietatis.

813 902 1228 973 ALBINVS.
1275 903 1581 977 BRVTI,
1662 902 1740 968 F.
1800 901 1987 969 Duae
2037 900 2333 968 dexterae

796 1004 1059 1089 junctae
1087 1000 1411 1067 caduceum
1446 1010 1674 1066 tenent.
1771 1001 1916 1064 AR.
1958 999 2043 1065 R.

1108 1100 1185 1162 C.
1237 1098 1554 1162 PANSA.
1610 1097 1880 1185 Persona
1925 1097 2138 1160 Fauni
2170 1092 2326 1161 bar-

1109 1194 1283 1261 bata.

812 1292 1052 1363 Eadem
1086 1294 1319 1381 aversa.
1420 1289 1573 1355 AR.
1616 1292 1701 1364 R

907 1379 1015 1455 De
1054 1392 1278 1475 capite
1312 1391 1399 1451 A.
1417 1387 1736 1451 Postumii
1768 1404 1906 1450 cos.
1944 1382 2110 1448 clari
2147 1402 2192 1447 a
2222 1381 2332 1445 vi-

813 1488 1035 1553 ctoria
1077 1488 1164 1549 ad
1204 1488 1431 1550 lacum
1468 1484 1912 1569 Regillensem
1961 1491 2200 1566 agetur
2259 1479 2326 1541 in

812 1597 1011 1670 gente
1061 1580 1428 1647 Postumia.
1529 1580 1705 1645 Illud
1742 1579 1826 1644 D.
1881 1579 2130 1640 Brutus
2205 1595 2324 1639 nu-

810 1682 941 1744 mis
977 1679 1105 1743 suis
1146 1679 1370 1742 intulit
1398 1679 1501 1742 ad.
1540 1675 2073 1764 praedicandum
2112 1672 2328 1757 gentis

811 1777 1234 1864 splendorem
1266 1824 1285 1855 ‚
1340 1776 1450 1839 cui
1492 1774 1769 1837 insertus
1824 1767 1934 1834 est.
2055 1767 2330 1852 Reliqui

805 1874 997 1939 numi
1049 1876 1190 1956 ejus
1226 1874 1556 1956 temporis
1604 1865 1949 1956 peristases
2009 1868 2077 1929 in
2131 1883 2325 1950 gene·

809 1990 885 2033 re
928 1982 1191 2035 notant.
1292 1969 1360 2032 Si
1366 1970 1551 2054 gnati
1589 1967 1903 2030 videntur
1922 1963 2134 2048 perid
2162 1973 2326 2024 tem-

803 2087 978 2152 pus,
1032 2086 1179 2150 quo
1214 2063 1572 2174 proconsul
1611 2060 1880 2126 Galliae
1918 2069 2157 2122 contra
2192 2059 2327 2120 An·

802 2164 1069 2227 tonium
1123 2163 1191 2224 in
1230 2160 1436 2224 armis
1471 2158 1684 2235 stetit,
1738 2157 1931 2240 quod
1976 2151 2330 2218 verilimile

811 2255 1022 2321 efficit
1061 2258 1381 2320 denarius
1411 2252 1826 2341 postremus,
1878 2253 1945 2315 in
1981 2269 2118 2335 quo
2171 2249 2345 2313 scri--

804 2365 961 2439 ptus
1005 2352 1085 2417 C.
1131 2352 1423 2416 PANSA
1467 2366 1611 2414 tum
1654 2348 1903 2414 consul.
2023 2347 2131 2410 De
2177 2366 2325 2430 per·

804 2448 979 2513 fona
1004 2449 1200 2533 hujus
1247 2448 1432 2513 numi
1465 2459 1704 2534 agetur
1753 2448 1824 2511 in
1869 2455 2065 2532 gente
2099 2442 2329 2517 Vibia,

1554 2545 1585 2578 ff

799 2643 1082 2714 Silanus.
1374 2595 1418 2631 ὕ

1100 2744 1315 2831 Caput·
1342 2739 1615 2807 paneadis
1649 2739 1891 2809 alatum
1908 2784 1930 2817 ‚
1970 2755 2156 2824 pone*
2194 2731 2323 2798 tite-

1096 2860 1181 2906 ra
1220 2838 1553 2924 alphabeti.

772 2938 894 3005 ·D.
932 2936 1332 3001 SILANVS.
1372 2934 1451 2996 L.
1484 2932 1563 2996 F.
1598 2932 1891 2997 ROMA.
1955 2926 2336 2994 Victoriam

694 3042 702 3051 ’
803 3036 948 3098 citis
986 3032 1178 3115 bigis,
1210 3038 1483 3118 superne
1515 3039 1671 3096 nota
1707 3026 2123 3095 arithmetica.
2173 3022 2323 3088 AR.

803 3126 880 3192 c
901 3223 988 3286 D.
1033 3221 1431 3288 SILANVS.
1493 3221 1574 3290 L.
1626 3220 1705 3287 F.
1761 3218 2059 3293 ROMA,
2096 3218 2167 3281 in
2224 3215 2320 3279 al*-

802 3317 1018 3397 flbus‚
1068 3319 1135 3381 in
1174 3315 1418 3403 quibus
1451 3332 1657 3404 caput
1691 3318 1838 3382 Iani
1891 3315 2142 3380 infixos
2212 3315 2315 3377 su-

801 3436 1011 3504 perne
1039 3415 1239 3500 palos
1271 3416 1492 3492 offert,
1546 3415 1629 3478 de
1651 3414 1896 3500 quibus
1937 3414 2121 3491 vide,
2142 3430 2319 3496 quae

804 3514 1099 3578 diximus
1144 3514 1212 3576 in
1252 3529 1462 3600 gente
1503 3514 1815 3578 Fonteia.
1891 3512 1972 3575 R.

899 3611 1182 3675 Denarii
1227 3611 1297 3674 hi
1324 3610 1573 3698 'infigni-
1627 3611 1768 3673 sunt
1815 3626 2099 3671 numero
2135 3654 2157 3686 ,
2211 3608 2316 3671 in-

802 3719 1056 3772 certum
1092 3720 1368 3786 tamen„
1421 3710 1571 3793 quis
1604 3705 1812 3771 fuerit
1848 3706 1961 3773 hic
2011 3705 2101 3771 D.
2141 3705 2314 3769 Sila,-

802 3822 927 3869 EUS
970 3824 1217 3869 eorum·
1255 3818 1517 3871 auctar-

1533 3902 1570 3935 a·

1356 3954 1389 3983 D
1711 3953 1743 3985 Ι

1089 3998 1397 4063 SALVS.
1466 3998 1666 4085 Caput
1750 3996 1995 4064 Salutis
2034 4045 2055 4075 ,
2107 3998 2312 4084 juxta

1052 4086 1437 4181 ”plerumque
1476 4097 1787 4181 alphabeti
1824 4098 2050 4173 litera,
2101 4096 2311 4160 omnia

1088 4195 1266 4257 iutra
1305 4202 1607 4279 torquem.

792 4289 885 4356 D.
934 4287 1330 4355 SILANVS.
1366 4289 1447 4352 L.
1487 4290 1562 4352 F.
1623 4289 1910 4357 Victoria
1945 4291 2012 4354 iu
2045 4290 2184 4354 citis
2206 4285 2306 4352 tn·-

784 4389 898 4473 gis
934 4385 998 4451 d.
1020 4386 1387 4474 flagellum,
1406 4387 1463 4473 s
1510 4386 1758 4470 palmae
1796 4407 2075 4462 ramum,
2132 4385 2311 4472 infra

790 4484 1050 4563 cicada,
1102 4486 1200 4550 vel
1229 4507 1353 4569 pra
1392 4480 1490 4547 his
1537 4485 1828 4548 ROMA.
1880 4485 2006 4546 AR
2084 4484 2171 4546 R.

854 4688 1599 4762 ·)aerin1b.1..1.e.7.
1769 4691 2234 4762 b)1..v.e.s..

2716 796 2996 893 Mona
3044 800 3321 871 barbata
3374 795 3700 881 taareata3
3753 788 3964 892 infra·

2713 903 2878 991 quod
2916 905 2961 969 a'
3067 925 3251 981 rum,
3299 902 3397 968 ve!
3419 924 3545 987 pro
3597 899 3709 966 hoc
3774 903 3948 968 Ro-

2711 1002 2894 1079 MA,
2945 1021 3044 1064 om
3197 1002 3372 1065 iutra
3404 1007 3707 1085 torquem·

2416 1094 2658 1162 Similis
2690 1099 2923 1186 aversa.
3022 1100 3171 1162 AR.
3225 1097 3309 1160 R.

2515 1191 2579 1255 T
2583 1197 2814 1279 orquis
2883 1194 3154 1259 causam
3220 1192 3574 1279 praeclare
3635 1191 3960 1273 explicat⁴

2416 1288 2705 1355 VrfinuS.
2807 1289 2894 1355 T.
2936 1287 3236 1355 Ma'nlius
3279 1291 3344 1353 T
3348 1288 3956 1375 orquatusfilium

2415 1383 2601 1449 suum
2639 1387 3111 1472 adoptandum
3155 1387 3347 1451 dedit
3381 1386 3468 1449 D.
3515 1386 3942 1451 Iuniosila-

2416 1502 2506 1546 no
2529 1530 2550 1559 ,
2607 1501 2805 1565 quem
2838 1483 3114 1548 subinde
3150 1497 3347 1570 pater
3391 1479 3718 1546 naturalis
3754 1484 3942 1546 Tor·

2417 1590 2665 1664 quatuo
2700 1583 2785 1645 V.
2825 1577 2899 1646 C.
2941 1584 3075 1644 6-12
3119 1600 3163 1643 a
3200 1579 3697 1644 Macedonibus
3736 1599 3938 1664 repe-

2415 1676 2775 1740 tundarum
2808 1677 3194 1740 accusatum
3214 1676 3596 1754 damnavit,
3628 1675 3715 1738 ob
3738 1677 3940 1760 quod

2413 1773 2742 1858 probrum
2783 1771 2974 1836 filius.
2995 1772 3261 1837 Silanus
3294 1759 3643 1859 suspendio
3711 1774 3948 1836 vitam-

2415 1866 2658 1934 finivit.
2761 1869 2936 1933 Vide
2972 1866 3371 1933 Ciceronem
3397 1915 3417 1946 ,
3468 1867 3534 1948 ⁸)
3585 1869 3740 1938 val.
3774 1870 3931 1933 Ma-

2413 1967 2712 2043 ximum,
2763 1953 2838 2046 b)
2880 1965 3176 2029 Livium.
3230 1970 3283 2044 ε)
3383 1964 3493 2028 Ab
3525 1965 3718 2046 hujus
3748 1964 3935 2030 Sila·

2414 2063 2483 2124 ni
2521 2060 2936 2146 posterorum
2973 2063 3279 2146 quodam
3315 2060 3442 2125 hos
3481 2062 3671 2125 cusos
3709 2063 3931 2126 dena-

2412 2159 2553 2221 rios
2583 2163 2726 2240 jure
2748 2160 3083 2223 credimus
3117 2155 3624 2221 suadente-istud
3651 2171 3944 2245 torque,

2416 2255 2532 2338 qui
2570 2275 2688 2319 eos
2727 2254 2943 2320 ambit
2966 2303 2994 2338 ‚
3023 2266 3107 2318 -et
3140 2255 3256 2339 qui
3291 2256 3533 2318 eodem
3574 2256 3783 2320 modo
3803 2257 3931 2319 de-

2411 2347 2646 2416 narios
2689 2353 2906 2436 gentis
2937 2351 3242 2415 Manliae
3287 2363 3628 2428 exornat,.
3704 2372 3746 2416 a
3780 2372 3938 2435 quo

2411 2448 2659 2512 Manlii
2695 2450 3010 2540 ,Torquati
3043 2449 3212 2512 dicti
3253 2447 3432 2522 sunt,
3486 2448 3671 2532 quod
3713 2450 3945 2513 decus-

2271 2581 2282 2590 ,
2412 2544 2682 2609 Silanus
2723 2543 2978 2625 noster,
3043 2546 3246 2623 cujus·
3292 2548 3582 2625 majores
3635 2564 3679 2608 a
3720 2558 3934 2630 gente

2412 2642 2679 2707 Manlia
2716 2642 2784 2704 in
2817 2641 3078 2705 Iuniam
3116 2641 3560 2719 transivere„
3588 2641 3655 2704 in
3695 2642 3938 2707 numia
3989 2699 4000 2704 -

2409 2751 2814 2803 renovatum
2866 2739 3109 2812 voluit,
3208 2739 3382 2801 Vide
3414 2739 3634 2802 etianr
3671 2759 3936 2804 numos

2409 2837 2717 2899 Manliae
2752 2836 3008 2920 gentis..

2505 2931 2761 2996 Salutis
2812 2942 3027 3018 caput
3087 2929 3363 2994 arbitris
3408 2931 3789 2997 Vaillantio
3859 2946 3940 2998 et

2407 3027 2891 3112 Havercampo
2935 3030 3002 3089 in
3041 3028 3273 3092 Iuniae
3311 3029 3524 3113 gentis
3565 3030 3771 3092 decus
3819 3031 3934 3096 his

2410 3124 2720 3191 denariis·
2764 3124 3101 3189 insertum.
3200 3124 3537 3188 Nimirum
3575 3123 3651 3191 C.
3687 3126 3938 3192 lunius

2403 3220 2769 3285 Bubulcus
2792 3222 3040 3285 Brutus
3079 3219 3307 3286 consul
3366 3223 3447 3285 V.
3484 3219 3558 3285 C.
3604 3233 3746 3306 443
3808 3244 3931 3287 ae

2404 3322 2560 3383 dem
2587 3316 2835 3382 Salutis
2867 3318 3048 3383 bello
3074 3319 3450 3383 Samnitico
3469 3319 3687 3396 vovit,
3707 3340 3934 3404 quam

2403 3416 2650 3481 deinde
2689 3415 2920 3479 censor
2969 3414 3267 3499 locavit,
3327 3427 3408 3478 et
3449 3415 3747 3479 dictator
3814 3418 3931 3481 di..

2400 3515 2623 3591 cavit,
2675 3524 2748 3575 ut
2780 3515 2984 3578 docet
3018 3512 3277 3577 Livius.
3335 3502 3398 3593 ἃ)
3495 3511 3670 3574 Eam
3719 3514 3929 3598 paul·

2397 3611 2486 3687 lu.
2507 3606 2650 3697 post
2694 3629 2739 3672 a
2781 3608 2857 3675 C.
2909 3609 3128 3674 Fabio
3161 3611 3459 3693 pictam,
3513 3627 3599 3670 ex
3647 3629 3793 3693 quo
3813 3611 3934 3674 Pi·

2398 3708 2605 3774 ctoris
2645 3725 3023 3792 cognomen
3060 3704 3369 3784 abstulit,
3419 3705 3565 3769 dixi
3609 3704 3818 3793 supra
3851 3710 3928 3772 in

2394 3805 2593 3887 hujus
2633 3806 2890 3867 numis.-
2973 3803 3112 3867 Sed
3142 3823 3359 3889 neque
3438 3801 3650 3865 solum
3738 3802 3934 3869 istud

2391 3898 2840 3964 memorabile
2875 3897 3134 3963 facturn
3172 3900 3250 3962 iu
3281 3900 3416 3963 lioc
3459 3898 3630 3960 ninii
3674 3901 3925 3965 consu-

2371 3997 2539 4061 ·latu
2578 3996 2878 4083 contigit.
2980 3994 3292 4075 Constat,
3343 3995 3588 4059 eodem
3614 4014 3807 4060 anno
3832 3997 3924 4061 ti·

2391 4094 2655 4158 bicines
2701 4113 2864 4158 cum
2931 4091 3234 4158 Claudio·
3288 4091 3570 4159 censore
3634 4093 3930 4159 collisos

2393 4192 2724 4256 recessiss'e
2769 4190 3024 4273 Tibur,
3076 4189 3322 4276 lepido·
3349 4188 3591 4251 deinde
3630 4186 3774 4252 astu
3811 4210 3925 4254 re-

2391 4289 2635 4365 ductis·‚
2684 4287 3112 4373 placatisque
3150 4284 3570 4373 pet-millum,
3604 4298 3685 4348 ut.
3708 4299 3928 4368 qnot-

2390 4385 2584 4448 annis
2638 4403 2762 4469 per
2806 4386 3250 4468 quinquatrus
3308 4384 3645 4459 minores,
3718 4403 3914 4467 quae

2387 4482 2629 4545 eadem
2673 4500 2760 4543 ex
2820 4481 3020 4545 cansa
3092 4494 3238 4545 tum
3294 4476 3940 4560 constituebantur,

2390 4697 2441 4762 e)
2476 4691 2629 4768 Epic.
2660 4693 2730 4751 1..
2763 4690 2921 4757 LIV.
3112 4689 3171 4763 d)
3205 4691 3277 4747 1..
3309 4693 3388 4750 X.
3420 4709 3474 4748 e.
3507 4707 3562 4750 ι.
