4175 5450
1673 618 2278 700 AEMILIA.

347 911 354 918 ·
397 846 556 892 cum
578 824 958 891 Aristonico
977 827 1045 890 in
1067 821 1222 888 Afia
1249 820 1452 911 gesto.
1507 826 1687 913 Ergo
1714 825 1756 889 fi
1794 827 1917 890 Le·

382 926 624 1010 pidu8‚
663 943 817 988 cum
847 921 1160 1009 pontifex
1180 941 1363 987 max.
1395 924 1575 1001 esset,
1624 934 1920 986 tutorem

390 1022 459 1084 in
492 1034 759 1086 remota
780 1022 1099 1105 Aegypto
1117 1019 1274 1104 egit,
1298 1040 1433 1103 qua
1450 1021 1716 1084 ratione
1733 1019 1920 1085 Cras·

393 1118 504 1183 sus
522 1120 779 1205 primus
802 1116 940 1182 dici
954 1109 1176 1203 potuit
1194 1117 1263 1178 in
1284 1117 1689 1200 pontificatu
1709 1117 1923 1196 maxi]-

381 1235 517 1279 .mo
543 1213 817 1280 Italiam
835 1214 1118 1298 egressus
1141 1217 1171 1276 ’.Ρ
1198 1213 1377 1276 Sane
1392 1217 1532 1296 jam
1558 1213 1750 1291 olim,
1769 1234 1924 1278 cum

381 1311 860 1397 -ambigeretur
888 1356 910 1388 ,
960 1307 1119 1373 fitne
1162 1307 1503 1396 Scipioni,
1556 1330 1644 1375 an
1688 1310 1921 1375 Crass'o

396 1407 656 1473 bellum
686 1406 1094 1472 Africanum
1115 1425 1270 1472 cum
1305 1406 1694 1472 Hannibale
1729 1427 1920 1471 man-

399 1495 703 1570 dandum
734 1552 755 1582 ,
807 1503 1107 1566 Crass'um
1128 1552 1151 1588 ‚
1202 1504 1389 1587 quod
1427 1503 1742 1590 pontifex
1779 1523 1923 1567 ma·

388 1605 628 1671 ximus
710 1599 868 1664 ess'et
889 1646 912 1678 ‚
996 1600 1147 1677 leX,
1224 1619 1433 1684 quam
1517 1599 1921 1664 Plutarchus

400 1703 565 1766 θειον
606 1697 935 1783 appellat,
989 1698 1056 1758 in
1098 1697 1262 1759 urbe
1300 1699 1626 1760 coercuit.
1668 1693 1733 1778 a)
1784 1698 1919 1760 De·

393 1797 606 1879 nique
623 1792 1022 1857 adversatur
1040 1795 1115 1856 Pi
1122 1794 1281 1878 ghio
1307 1791 1586 1870 Iustinus
1608 1813 1921 1873 narranS,

398 1888 890 1981 gratamfuiss‘e
931 1890 1264 1953 Romanis
1308 1889 1720 1975 legationem
1763 1889 1926 1953 Ale·

396 1990 887 2055 xandrinorum
925 2036 948 2071 ,
1023 1988 1294 2052 causam
1379 1987 1541 2050 belli
1585 1986 1921 2051 ‘adv‘erlua

395 2085 789 2171 Philippum
825 2084 910 2150 V.
941 2085 1400 2148 Macedoniae
1447 2104 1676 2168 regem
1715 2104 1922 2170 quae-

393 2181 742 2263 rentibu5‚
795 2181 912 2263 qui
942 2179 1289 2244 insidiatus
1322 2182 1419 2243 eis
1440 2193 1746 2264 tempore
1785 2180 1921 2243 bel·

400 2280 453 2343 li
487 2277 721 2340 Punici
748 2274 1011 2347 fuerat3
1069 2296 1322 2358 quare,
1378 2276 1616 2351 addit,
1666 2280 1921 2342 mittun.

401 2386 516 2440 tur
548 2370 781 2456 legati,
832 2375 942 2456 qui
1001 2371 1313 2436 Antiocho
1372 2380 1430 2432 et
1485 2367 1775 2454 Philippo
1820 2372 1921 2435 de·

400 2472 695 2537 mundent
715 2514 734 2545 ,
785 2485 984 2551 regno
1023 2467 1304 2552 Aegypti
1335 2464 1699 2550 abstineant.
1762 2467 1922 2530 Mit-

399 2573 569 2634 titur
611 2574 674 2631 et
715 2564 820 2630 M.
886 2563 1162 2649 Lepidus
1213 2567 1286 2629 in
1335 2565 1737 2648 Aegyptum,
1781 2566 1929 2646 ,qui

402 2668 643 2733 morio
672 2665 918 2728 nomine
929 2681 1195 2748 reguum
1202 2662 1422 2749 pupilli
1429 2657 1834 2750 administret.
1863 2650 1929 2746 ¹³)

402 2766 641 2829 Victus
690 2758 781 2824 est
823 2761 1011 2847 apud
1065 2758 1617 2844 Cynoscephalas
1676 2759 1931 2847 Philip-

340 2890 346 2897 ·
402 2880 573 2948 pus,
630 2872 699 2924 et
733 2858 824 2922 ad
874 2876 1120 2944 pacem
1159 2858 1445 2922 adactus
1491 2858 1574 2918 V.
1617 2854 1695 2923 C.
1744 2876 1928 2939 557,

406 2975 570 3042 ergo
610 2954 863 3019 necell'e
919 2953 1009 3016 est
1051 2953 1319 3037 aliquot
1377 2953 1573 3017 annis
1624 2953 1925 3037 praeces-

406 3054 541 3119 siss‘e
583 3052 1000 3138 legationem
1023 3050 1641 3114 Alexandrinorum
1664 3097 1683 3127 ,
1738 3051 1925 3135 quod

404 3165 551 3217 tum
595 3148 757 3213 belli
784 3147 1065 3239 ⁴causam
1109 3165 1262 3211 cum
1329 3147 1653 3233 Philippo
1715 3167 1928 3230 quae-

404 3247 651 3314 rebant
687 3245 1011 3310 Romani.
1112 3246 1205 3308 At
1240 3243 1584 3330 Lepidae,
1635 3255 1712 3306 ut
1753 3244 1928 3307 dixi·

405 3365 599 3423 mus,
651 3340 905 3407 nonnili
949 3359 1128 3405 anno
1158 3345 1241 3408 V.
1275 3339 1351 3406 C.
1390 3351 1541 3429 574
1577 3339 1929 3421 pontifica-

407 3454 553 3538 tum
595 3460 777 3505 max.
818 3435 1108 3503 abstulit.

3368 631 3545 713 '125

2100 827 2194 887 At
2234 795 2679 908 vastatione
2701 869 2722 903 ,
2774 840 2911 905 quo
2952 838 3350 912 argumento
3386 849 3533 893 ma-

2002 921 2191 986 xime
2231 919 2464 984 nititur
2496 919 2796 1004 Pighius,
2848 924 3073 1005 potuit
3104 943 3257 986 cum
3294 926 3364 988 in
3397 924 3532 990 hoc

2006 1016 2330 1092 denario,
2381 1027 2526 1079 tum
2564 1035 2608 1079 a
2648 1015 2803 1083 Val.
2852 1017 3166 1083 Maximo
3233 1023 3370 1086 dici
3422 1024 3529 1092 M.

1978 1112 2311 1198 >Lepidus
2346 1112 2532 1175 simul
2566 1110 2879 1198 pontifex
2917 1134 3144 1194 max„
3197 1116 3384 1181 simul
3428 1130 3526 1182 tu·

2006 1223 2121 1275 tor
2171 1201 2398 1294 regis?
2445 1209 2855 1293 Expediam.
2960 1209 3397 1298 Quiscunque
3466 1217 3529 1281 is

2004 1307 2140 1372 fuit
2180 1326 2270 1370 ex
2306 1303 2587 1391 posteris
2631 1306 2829 1391 hujus
2876 1306 3158 1394 Lepidi,
3213 1314 3326 1395 qui
3385 1311 3529 1378 inli-

2006 1423 2209 1491 gnem
2248 1401 2431 1466 hunc
2474 1401 2830 1466 denarium
2875 1400 3264 1470 feriundum
3339 1429 3529 1473 cura·

2006 1501 2148 1582 vit,
2177 1501 2266 1564 ·ei
2289 1498 2709 1586 propolitum
2740 1499 2928 1564 aliud
2965 1520 3103 1565 non
3141 1500 3295 1583 fuit,
3321 1525 3531 1590 quam

2006 1609 2083 1660 ut
2138 1599 2211 1661 in
2244 1598 2461 1683 gentis
2499 1596 2655 1660 suae
2692 1598 2898 1661 decus
2938 1600 3227 1679 jactaret
3267 1601 3533 1688 palam,

2006 1714 2165 1757 eum
2192 1740 2214 1770 ‚
2265 1694 2377 1757 cui
2415 1692 2590 1778 regis
2622 1693 2838 1757 tutela
2920 1697 3270 1760 commiss‘a
3336 1697 3470 1762 fuit
3506 1746 3530 1775 ,

2003 1789 2196 1854 fuiss'e
2223 1791 2432 1853 etiam
2462 1788 2845 1854 honorifico
2888 1789 3130 1854 summi
3175 1794 3530 1878 pontifica-

2004 1899 2115 1952 tus
2165 1883 2557 1972 magistratu
2601 1885 2946 1964 functum,
3000 1886 3112 1949 etli
3149 1890 3260 1953 hic
3311 1890 3530 1955 multo

2004 1984 2288 2049 accessit
2322 1982 2558 2048 serius.
2657 1982 2963 2064 Quidni?
3015 2004 3103 2046 an
3140 2003 3277 2048 non
3317 1999 3385 2049 et
3422 1986 3532 2051 Ci-

2004 2100 2164 2145 cero
2192 2128 2212 2160 ,
2264 2076 2325 2161 ⁰)
2378 2090 2445 2141 et
2478 2080 2841 2165 Appianas
2872 2070 2933 2162 d)
2985 2079 3057 2142 hi
3083 2101 3354 2167 quoque
3390 2102 3531 2171 προ-

2000 2182 2314 2261 ληπτικως
2350 2174 2494 2239 sunt
2529 2175 2779 2260 locuti,
2829 2196 2982 2239 cum
3040 2178 3434 2264 adseruere,
3487 2199 3537 2247 a.

2002 2275 2080 2337 P.
2120 2275 2441 2359 Scipione
2480 2269 2741 2356 Nasica·
2764 2286 2958 2358 pont.
2996 2294 3182 2342 max.
3224 2277 3536 2362 perduel-

2002 2368 2140 2431 lem
2172 2368 2561 2432 Gracchum
2593 2366 2783 2432 fuiss'e
2840 2372 3105 2435 caesum
3130 2375 3161 2434 ’ἒ
3216 2372 3533 2455 Constat,

2008 2462 2400 2527 Gracchum
2439 2483 2485 2525 a
2517 2462 2837 2547 Scipione
2868 2468 3136 2530 caesum
3155 2471 3239 2531 V.
3265 2469 3342 2532 C.
3369 2473 3455 2535 62
3476 2491 3498 2532 1
3511 2519 3537 2554 ,

2015 2579 2154 2644 quo
2189 2572 2500 2644 tempore
2552 2558 3023 2643 pontificatum
3068 2582 3254 2630 maa.
3316 2568 3539 2634 tenuit

2014 2658 2093 2720 P.
2147 2656 2453 2721 Licinius
2488 2654 2808 2735 Crassus,
2861 2677 2996 2741 quo
3060 2658 3305 2723 deinde
3353 2660 3541 2727 bien-

2011 2757 2130 2821 nio
2162 2750 2309 2840 post
2359 2754 2428 2817 in
2481 2752 2660 2818 bello
2705 2751 3062 2820 Aristonici
3130 2759 3544 2845 interempto

2012 2853 2128 2917 hic
2167 2852 2399 2937 Scipio
2448 2853 2590 2935 ejus
2680 2849 2881 2935 ipsius
2968 2850 3257 2917 virtutis'
3297 2855 3499 2919 causa
3512 2906 3547 2941 ‚

2013 2968 2223 3033 quam
2253 2949 2323 3011 in
2360 2945 2782 3023 Gracchanip
2815 2946 2921 3011 his
2962 2949 3178 3014 turbis
3215 2951 3541 3017 exhibue-

1979 3059 2162 3125 rat,
2212 3044 2542 3108 summum
2589 3044 2768 3109 hunc
2825 3043 3158 3109 honorem
3209 3044 3481 3113 abstulit
3520 3096 3556 3130 ,

2010 3155 2088 3207 ut
2124 3142 2369 3207 diserte
2408 3140 2732 3226 VellejuS.
2783 3137 2845 3223 e)
2900 3140 2967 3222 *)
3020 3141 3275 3209 Illustre
3314 3163 3542 3209 exem.

2012 3240 2204 3327 plum
2259 3239 2450 3304 aliud
2532 3238 2920 3323 suppeditat
3000 3258 3243 3303 numus
3324 3242 3543 3328 gentis

2019 3336 2398 3410 Claudiae,
2448 3335 2518 3398 in
2580 3338 2768 3417 cujus
2810 3334 3048 3399 aversa
3105 3338 3485 3426 epigraphe
3516 3359 3548 3402 e

2016 3429 2595 3497 MARCELLVS.
2649 3428 2838 3495 COS.
2893 3429 3216 3514 QVINQ.
3292 3445 3545 3520 typus:

482 3851 538 3915 a)
572 3848 718 3907 Plut.
754 3850 813 3900 in
848 3845 990 3902 Fab.
1029 3847 1194 3900 Max.

409 3920 479 3983 1...
515 3920 566 3982 Ι.
602 3936 649 3973 ο.
688 3918 775 3971 ι6.
965 3919 1020 3985 e)
1054 3918 1124 3980 1..
1159 3918 1235 3972 11.
1275 3933 1321 3971 c.
1354 3934 1413 3987 3,

1388 3845 1448 3910 b)
1486 3845 1556 3905 L.
1594 3845 1791 3906 XXX.
1828 3860 1874 3898 c.
1907 3861 1969 3914 3,
2079 3844 2086 3849 ’

2170 3845 2227 3915 0)
2264 3843 2491 3902 cuiun.
2530 3841 2692 3905 orat.
2723 3846 2777 3905 1.
2815 3861 2862 3899 e.
2906 3867 2951 3901 ι·
3138 3818 3220 3914 a>
3258 3847 3403 3911 Bon.
3441 3852 3548 3906 ffl.
3611 3844 3617 3850 ’

482 4126 536 4197 *)
573 4125 738 4194 Quae
771 4123 843 4178 de
879 4080 1140 4198 Scipione
1178 4133 1296 4177 tum
1330 4121 1584 4178 nendum
1618 4119 1880 4195 pontifice
1915 4136 2069 4176 max.
2107 4121 2359 4179 dixeram
2378 4161 2397 4187 ,
2436 4122 2602 4178 serino
2638 4124 3067 4195 etiamaPitisco
3096 4126 3384 4200 praeclare
3420 4142 3552 4181 con·

618 4235 836 4290 firmata
871 4239 1067 4310 reperi.
1102 4236 1265 4306 (Lex.
1300 4235 1373 4288 T.
1408 4235 1485 4287 11.
1519 4250 1579 4304 p.
1613 4232 1760 4299 467.)
1831 4233 1909 4286 At
1941 4238 2095 4289 enim
2143 4226 2562 4309 προληπτικως
2596 4235 2806 4289 loeutus
2842 4234 3162 4293 Plutarchus
3196 4235 3304 4290 dici
3340 4241 3551 4309 nequit,

624 4338 719 4404 qui
756 4334 949 4390 diserte
985 4347 1209 4397 narrat,
1247 4331 1503 4387 Naficam
1537 4348 1640 4405 per
1654 4330 2008 4387 Gracchanas
2042 4333 2148 4387 has
2180 4320 2371 4390 ‘turbas
2408 4330 2556 4386 fuiffe
2590 4330 2906 4405 pontificem
2925 4348 3074 4386 max.
3111 4336 3191 4405 (in
3208 4335 3297 4390 Ti.
3319 4333 3553 4389 Gracch.

619 4443 671 4479 c.
709 4426 828 4493 ult.)
896 4422 1252 4480 Plutarchum
1288 4424 1411 4479 satis
1447 4425 1689 4495 coarguit
1720 4420 2085 4477 testimonium
2121 4424 2346 4494 Velleji,
2383 4435 2502 4479 tum
2537 4421 2689 4493 quod
2722 4420 3128 4495 probaveram,
3167 4440 3238 4476 ea
3273 4423 3558 4495 tempesta·

628 4526 682 4568 te
721 4514 963 4569 Crassum
998 4515 1149 4569 fuiss'e
1184 4513 1504 4587 pontificem
1539 4530 1730 4576 max..
1797 4512 2041 4587 deniqne
2079 4513 2235 4585 quod
2269 4514 2501 4584 Cicero,
2575 4512 2669 4567 etfi
2702 4511 2946 4568 .caesum
2998 4531 3035 4567 a
3080 4514 3338 4586 Scipione
3393 4517 3556 4587 pont.

627 4622 779 4658 max.
818 4604 1128 4660 Gracchum
1167 4604 1421 4668 adserat,
1474 4603 1650 4660 addat
1699 4610 1923 4659 tamen:
1984 4605 2246 4678 priuato,
2297 4605 2450 4677 quod
2502 4603 2578 4660 de
2613 4603 2841 4659 homine
2876 4602 3137 4678 pontifice
3172 4606 3418 4660 maximo
3454 4605 3561 4661 dici

630 4695 725 4745 vix
761 4693 956 4765 potest,
1034 4695 1167 4781 Non
1202 4694 1438 4751 advertit
1477 4696 1584 4753 hoc
1621 4694 1873 4769 sphalma
1906 4693 2194 4751 Rualdum
2214 4698 2497 4751 immitem
2528 4694 2803 4780 Plutarchi
2837 4693 3221 4753 Aristarchum.
