4175 5450
742 495 881 578 266

738 724 951 787 m,
994 723 1121 790 pro
1149 699 1416 790 pedibus
1446 723 1566 769 vas
1601 685 1860 791 lustrale.
1967 702 2104 768 AE.
2144 704 2265 768 111.

838 800 1021 866 Satis
1042 814 1395 887 apparet,
1448 819 1723 863 numum
1770 799 1946 865 hunc
1990 800 2120 862 effe
2155 821 2262 886 ge-

737 896 995 962 minum
1042 898 1181 975 illi,
1236 917 1437 982 quem
1469 917 1514 961 a
1548 913 1654 958 me
1682 895 1890 959 visum
1935 896 2260 961 continuo

692 983 699 990 ’
738 993 1092 1079 descripfi,
1146 993 1262 1057 nifi
1299 992 1483 1077 quod
1530 1009 1657 1076 ego
1718 1004 1927 1078 caput
1968 993 2070 1056 M.
2120 995 2257 1058 An·

737 1092 915 1156 tonii
955 1089 1242 1166 adserui,
1292 1085 1581 1154 Sestinus
1615 1084 1910 1154 Claudii.

1028 1189 1111 1249 A.
1151 1183 1229 1268 C,
1273 1184 1326 1247 Ι.
1366 1185 1450 1248 V.
1488 1186 1671 1269 Aper
1687 1186 1937 1271 jacens.

737 1283 831 1367 Q.
856 1281 1161 1384 PAQVI.
1203 1280 1408 1346 RVF.
1452 1278 1658 1345 LEG.
1704 1285 1772 1347 in
1799 1279 1999 1348 medio
2059 1281 2256 1346 numi.

924 1473 933 1484 '
1024 1477 1112 1546 A.
1150 1472 1226 1540 C.
1268 1474 1321 1543 I.
1357 1477 1441 1540 V.
1509 1472 1667 1542 Vas
1732 1472 2018 1564 mirate,
2076 1473 2281 1561 infra-

735 1665 822 1752 Q.
865 1571 1173 1749 PAng
1214 1667 1422 1734 RVF.
1460 1663 1662 1730 LEG.
1695 1665 1786 1734 D.
1832 1665 1921 1731 D.
1971 1669 2042 1731 in
2100 1684 2258 1733 area

732 1766 932 1832 numi.
1028 1764 1172 1828 ΔΕ.
1211 1768 1327 1828 111.
1424 1821 1431 1826 .
1498 1823 1505 1830 .

833 1860 1315 1943 Inquireudum
1357 1861 1618 1946 primo,
1668 1861 1855 1941 cujus
1893 1861 2020 1924 effe
2066 1843 2256 1926 vide·

734 1969 891 2022 atur
926 1969 1134 2043 caput
1169 1959 1353 2020 numi
1395 1957 1626 2022 1.1n
1663 1973 1868 2020 numo
1908 1977 1994 2022 ea
2057 1970 2256 2043 parte

732 2054 1196 2140 integerrimo,
1249 2074 1450 2137 quem
1484 2053 1621 2140 ipse
1654 2054 1878 2117 oculis
1913 2054 2255 2140 usurpavi,

733 2162 883 2214 tum
938 2151 1106 2212 etin
1145 2147 1286 2213 alio
1322 2149 1552 2224 simili,
1621 2168 1823 2231 quem
1892 2152 2037 2214 vidi
2116 2151 2256 2215 Ro-

734 2266 893 2311 mae
925 2247 994 2310 in
1028 2246 1253 2309 museo
1289 2246 1499 2311 Ducis
1554 2245 1916 2310 Braeciani
1942 2294 1962 2324 ‚
2037 2247 2262 2330 primo

632 2381 639 2388 ,
737 2344 1096 2429 conspectu
1131 2344 1385 2428 agnovi
1416 2340 1710 2430 effigiem
1755 2344 2038 2407 Antonii
2062 2343 2269 2408 IIIvi-

737 2445 819 2507 ri.
919 2441 1224 2530 Eandem
1263 2439 1544 2525 agnovit
1577 2439 1784 2502 etiam
1818 2438 2057 2504 Petrus
2087 2439 2270 2504 Fun·

738 2540 811 2603 di
863 2550 1104 2601 auctor
1141 2537 1444 2600 eruditus
1502 2533 1718 2600 Musei
1782 2535 2151 2624 Theupoli.
2207 2542 2262 2615 ⁸)

735 2638 991 2704 Verum
1025 2631 1316 2698 Sestinus
1344 2634 1412 2699 in
1442 2631 1476 2694 s
1472 2633 1572 2696 uis
1597 2624 1805 2717 cap'ut
1844 2633 1953 2700 Ti.
2059 2631 2259 2696 Clau·

741 2735 837 2799 dii
863 2733 1078 2817 videt,
1133 2743 1202 2794 et
1236 2731 1414 2794 hanc
1450 2729 1635 2793 suam
1674 2728 2066 2793 sententiam
2107 2750 2263 2795 con·

737 2828 968 2893 firmat
1013 2847 1141 2908 eo,
1192 2828 1376 2909 quod
1425 2828 1493 2890 iu
1560 2825 1804 2888 horum
1864 2844 2001 2888 uno
2078 2824 2265 2890 infra

739 2936 950 3011 caput
986 2924 1083 2985 ait
1122 2922 1398 3007 scriptas
1458 2922 1691 2984 literas
1737 2920 1824 2984 T.
1865 2920 1944 2984 C.
1980 2968 2000 3001 ,
2084 2942 2258 3005 quas

739 3019 939 3105 legit.
994 3015 1296 3082 Tiberius
1328 3014 1657 3082 Claudius.
1756 3016 1864 3079 De
1897 3016 2031 3081 hoc
2055 3010 2265 3081 Clau-

740 3116 837 3179 dii
926 3113 1154 3198 capite
1218 3110 1502 3176 dubium
1556 3130 1691 3177 non
1722 3131 2025 3191 moveo,
2108 3131 2264 3177 cum

742 3207 1154 3277 Sestiniauos
1181 3227 1421 3273 numos
1453 3209 1590 3295 ipse
1628 3228 1762 3272 non
1797 3209 2109 3273 viderim.
2162 3209 2265 3273 Iu-

739 3309 938 3373 terim
977 3326 1177 3372 nemo
1235 3306 1433 3371 sanus
1508 3303 1888 3382 dubitabit,
1974 3325 2129 3373 cum
2196 3307 2267 3370 in

741 3405 1057 3470 omnibus
1106 3403 1216 3469 his
1254 3403 1475 3467 numia
1503 3403 1768 3487 legatur
1817 3401 1906 3484 Q.
1962 3402 2266 3486 Paquius

742 3500 963 3566 Rufus
998 3500 1298 3586 legatus,
1351 3511 1471 3563 aut
1536 3517 1773 3568 omnes
1835 3498 1963 3561 hos
2002 3517 2266 3562 ‘numos

746 3597 994 3663 offerre
1040 3612 1248 3684 caput
1279 3595 1588 3674 Antonii,
1639 3607 1759 3658 aut
1789 3612 2024 3658 omnes
2061 3592 2264 3658 Clau-

740 3694 889 3772 dii,
940 3691 1056 3757 nisi
1086 3694 1362 3758 credere
1408 3692 1643 3770 malit,
1692 3691 1939 3773 Paquii
1976 3689 2263 3776 legatio-

660 3866 665 3870 ,
739 3809 899 3856 nem
937 3789 1094 3854 inde
1129 3810 1173 3853 a
1206 3791 1302 3854 M.
1335 3787 1637 3853 Antonio
1682 3788 1754 3850 in
1786 3784 2059 3850 Claudii
2095 3800 2263 3850 tem-

672 3876 689 3888 *
733 3906 912 3981 pora
944 3884 1345 3972 pertinuiss‘e.
1444 3882 1762 3948 Ceterum
1823 3881 2014 3968 figlas
2048 3884 2137 3947 T.
2178 3881 2254 3947 C.

737 3984 830 4050 ad
884 3984 996 4051 Ti.
1074 3978 1437 4065 Claudium
1525 3977 1811 4058 referri,
1865 3998 2002 4042 nou
2088 3978 2261 4042 mihi

736 4078 954 4170 potest
990 4078 1145 4144 satis
1191 4056 1500 4161 probari.
1604 4076 1692 4140 T.
1742 4074 1949 4139 [olum
1989 4095 2077 4137 ex
2114 4074 2260 4160 lege

741 4176 1093 4241 ordinaria
1156 4174 1392 4238 Titum
1482 4170 1849 4259 fignificat,
1901 4169 2259 4232 Tiberium

740 4270 995 4337 nonnisi
1037 4269 1390 4334 rarissime.
1489 4272 1582 4332 At
1614 4263 1781 4330 istud
1818 4265 2019 4350 plane
2058 4284 2258 4350 prae·

694 4412 703 4417 -
741 4381 842 4433 ter
873 4387 1177 4446 morem,
1230 4363 1556 4452 principis
1594 4363 1916 4427 Romani
1967 4362 2253 4425 nomini-

1983 498 2622 579 PACVVIA.

2341 701 2471 766 bus
2515 701 2736 768 nullos
2767 699 3025 766 summi
3072 698 3491 789 principatus
3580 707 3887 793 tituloa‚'

2345 799 2453 862 seu
2514 797 2861 884 Caesarie,
2912 799 3023 863 seu
3060 799 3373 886 Augusti,
3424 801 3536 866 seu
3566 806 3880 893 impera·

2342 898 2514 960 toris
2557 897 2787 959 videre
2819 896 3149 977 adjectos.
3779 898 3791 910 ⁰

2441 991 2603 1054 Plus
2642 992 2895 1056 dissidii
2916 990 3219 1057 efficiunt
3253 993 3452 1079 siglae
3481 1011 3694 1081 caput
3722 1019 3888 1064 am-

2339 1085 2624 1154 bientes.
2720 1088 2913 1153 Eae’
2895 1110 2963 1154 m
2994 1089 3310 1156 omnibus
3339 1090 3447 1156 his
3474 1095 3698 1158 nuruis
3729 1096 3880 1161 hoc

2342 1185 2554 1250 modo
2590 1196 2951 1249 notantur:

2914 1380 2979 1443 A
3248 1378 3284 1444 1

2926 1471 2984 1539 C
3234 1478 3300 1541 V

2341 1664 2481 1731 Eas
2520 1666 2685 1731 olim
2714 1665 2800 1731 sc
2843 1664 3288 1752 explicandas
3326 1668 3583 1736 censui:
3657 1676 3881 1742 Anto-

2339 1765 2487 1827 nius
2524 1761 2788 1829 Goloida
2817 1763 2976 1829 Iulia
3014 1764 3280 1842 Vienna,
3333 1768 3584 1833 additis
3621 1771 3880 1851 causis.

2343 1879 2516 1942 quas
2561 1860 2727 1924 olim
2769 1858 3053 1946 scriptas
3087 1879 3224 1923 non
3268 1880 3597 1948 recoquo.
3650 1853 3719 1948 1’)
3777 1874 3881 1934 At
3917 1933 3932 1956 ,

2344 1953 2671 2021 Sestinus.
2723 1953 2990 2021 Colonia
3013 1957 3337 2023 veterana
3356 1958 3596 2027 Invicta
3625 1965 3880 2049 Apros,

2342 2051 2714 2137 tribuitque
2761 2052 2937 2116 adeo
2975 2053 3105 2116 hos
3146 2069 3389 2119 numos
3435 2056 3626 2135 urbi,
3673 2081 3878 2146 quae

2344 2148 2658 2212 coloniae
2695 2151 2968 2213 nomine
2999 2168 3046 2213 a
3078 2148 3297 2214 Plinio
3345 2164 3412 2216 et
3455 2154 3874 2222 Ptolemaeo

2342 2243 2470 2310 in:
2469 2244 2811 2310 Thracia
2900 2244 3313 2324 collocatur,
3381 2249 3563 2313 dicta
3607 2252 3880 2339 Apros.

2347 2340 2525 2429 Ergo
2563 2339 2697 2405 hac
2737 2341 2975 2405 literae
3012 2337 3267 2407 Sestino
3305 2343 3587 2431 scriptae
3624 2350 3878 2414 viden·

2345 2447 2455 2501 tur
2487 2455 2573 2502 eo
2610 2438 2843 2513 modo,
2896 2456 3097 2523 quem
3128 2456 3254 2502 nos
3293 2442 3707 2526 ξεστροφηδον
3741 2466 3878 2509 vo·

2346 2552 2601 2601 camna.
2700 2534 2880 2597 Nolo
2921 2533 3185 2619 longius
3223 2556 3564 2621 pugnare,
3615 2560 3884 2624 parum

2345 2631 2706 2695 commode
2743 2629 2955 2692 aetati
2987 2630 3171 2694 numi
3212 2649 3365 2693 cum
3404 2632 3536 2695 hac
3563 2632 3880 2700 scriben-

2344 2728 2414 2790 di
2447 2727 2593 2813 lege
2619 2727 3002 2792 convenire.
3104 2723 3277 2790 Istud
3319 2727 3697 2794 observasse
3735 2733 3877 2798 suf·

2343 2822 2555 2902 ficiat,
2607 2823 2864 2887 nullum
2901 2824 2970 2885 in
3011 2821 3145 2887 hac
3169 2819 3423 2887 exstare
3465 2830 3880 2912 exemplum

2341 2918 2711 3007 scripturae
2755 2918 2838 2981 fic
2881 2916 3133 3003 positae
3162 2965 3183 2997 ‚
3234 2931 3311 2982 ut
3356 2918 3559 2986 lectio
3611 2926 3874 3013 incipi-

2342 3027 2488 3077 ata
2527 3017 2716 3079 versu
2775 3013 3135 3092 inferiore,
3188 3025 3256 3078 ct
3323 3033 3754 3104 propagetur
3802 3026 3881 3088 in

2342 3109 2777 3196 superiorem.
2907 3112 3134 3192 Majus
3209 3109 3408 3175 nobis
3486 3115 3880 3201 scripturae

2341 3208 2755 3292 εεστροφηδον
2799 3206 3193 3292 'prodigium
3250 3205 3454 3272 offert
3502 3231 3594 3275 ex
3653 3233 3906 3280 numo.

2341 3299 2677 3387 postremo
2716 3303 2914 3387 supra
2950 3302 3332 3388 descripto,
3384 3306 3453 3368 in
3523 3329 3668 3394 quo
3721 3311 3886 3376 lite·

2340 3418 2464 3475 rae
2501 3397 2586 3466 fic
2618 3412 2954 3471 exaratae.
2977 3412 3420 3531 comparent.

2915 3556 2980 3617 A
3242 3555 3278 3618 1

2930 3647 2986 3715 C
3219 3653 3286 3713 V

3071 3748 3127 3812 P

2333 3879 2664 3968 legendae
2702 3883 2881 3948 adeo
2916 3904 3002 3948 ex
3037 3895 3261 3949 mente
3308 3883 3592 3951 sestini:
3677 3886 3887 3961 Colo·

2333 3981 2445 4044 nia
2487 3981 2805 4046 veterana
2845 3980 3091 4046 Invicta
3124 3982 3393 4060 APros,
3444 3995 3660 4067 atquc
3678 3989 3885 4055 adeo

2335 4074 2676 4141 elemento
2713 4075 2769 4140 P
2808 4095 2896 4139 ex
2928 4088 3123 4141 tanto
3157 4077 3523 4143 intervallo
3583 4099 3759 4146 cum
3825 4092 3898 4152 A

2333 4169 2617 4238 sociato.
2743 4169 3119 4237 Praestabit
3177 4175 3399 4251 adeo,
3470 4177 3641 4240 dum
3718 4183 3890 4292 plus

2331 4265 2503 4329 lucis
2543 4267 2868 4344 accedat,
2918 4268 3054 4332 hoc
3105 4287 3468 4334 numorum
3514 4292 3739 4357 genus
3815 4278 3888 4345 in

2331 4363 2742 4426 incertorum
2787 4382 3145 4427 numerum
3195 4363 3486 4430 referre.

810 4574 867 4647 a)
899 4590 1027 4648 pag.
1062 4573 1190 4641 646.

1379 4569 1441 4637 b)
1477 4568 1649 4624 Numi
1685 4579 1792 4626 vet.
1830 4587 1890 4644 p.
1925 4588 1982 4664 33
